<?xml version="1.0" encoding="UTF-8"  standalone="yes"?>
<PcGts xmlns="http://schema.primaresearch.org/PAGE/gts/pagecontent/2019-07-15" xmlns:xsi="http://www.w3.org/2001/XMLSchema-instance" xsi:schemaLocation="http://schema.primaresearch.org/PAGE/gts/pagecontent/2019-07-15 http://schema.primaresearch.org/PAGE/gts/pagecontent/2019-07-15/pagecontent.xsd">
  <Metadata externalRef="http://tudigit.ulb.tu-darmstadt.de/iiifimage/GK-9099-S322-1/0011_0000.jpg/full/full/0/default.jpg">
	<Creator>escriptorium</Creator>
	<Created>2023-02-27T10:37:24.379342+00:00</Created>
        <LastChange>2023-02-27T10:37:24.379358+00:00</LastChange>

  </Metadata>
  <Page imageFilename="10_8c190_default.jpg" imageWidth="1493" imageHeight="2442">

    
    <TextRegion id="eSc_textblock_2458b79c"  >
      <Coords points="1176,2001 146,2001 141,303 1089,293 1129,227 1182,238 1171,302 1187,314 1176,2001"/>
      
      
      <TextLine id="eSc_line_3387ee9c" >
        <Coords points="1169,236 1156,233 1125,233 1117,244 1115,261 1115,279 1172,274 1172,261 1172,236 1169,236"/>
        <Baseline points="1115,261 1172,261"/>
        <TextEquiv>
          <Unicode>IX</Unicode>
        </TextEquiv>
      </TextLine>

      
      
      <TextLine id="eSc_line_92b861db" >
        <Coords points="355,301 342,301 328,301 314,301 301,301 287,301 274,301 260,301 247,302 233,302 219,302 206,302 192,302 179,302 165,302 152,302 145,299 139,299 139,335 138,348 837,358 838,358 1172,351 1174,339 1172,309 1089,309 1088,307 1077,301 1076,301 1074,301 1073,301 909,306 853,307 846,306 829,299 827,299 826,299 776,305 762,307 692,307 688,305 679,299 678,299 677,299 675,299 674,299 662,305 656,306 646,303 624,299 622,299 587,303 564,306 551,303 534,299 533,299 532,299 377,299 369,301"/>
        <Baseline points="139,335 1174,339"/>
        <TextEquiv>
          <Unicode>derin vergeſſend, aus Amſterdam zu Hilfe, und Caroline, die</Unicode>
        </TextEquiv>
      </TextLine>

      
      
      <TextLine id="eSc_line_fb81579b" >
        <Coords points="139,390 139,411 1168,411 1169,397 1169,370 1148,360 1146,360 1058,360 1057,360 1055,360 1054,360 1043,369 1042,370 992,370 990,369 963,359 962,359 897,359 895,359 894,359 874,367 825,359 823,359 701,366 682,358 681,358 679,358 565,366 552,366 549,366 525,356 523,356 522,356 521,356 519,356 506,364 504,366 369,366 367,364 346,355 344,355 343,355 342,355 318,362 308,355 306,355 305,355 304,355 261,363 260,363 259,363 233,355 232,355 230,355 229,355 214,363 213,363 199,356 198,356 196,356 139,362 139,390"/>
        <Baseline points="139,390 1169,397"/>
        <TextEquiv>
          <Unicode>gelacht hatte, wenn jemand ſie und ihn als Paar anſah,</Unicode>
        </TextEquiv>
      </TextLine>

      
      
      <TextLine id="eSc_line_1939a29b" >
        <Coords points="139,449 139,461 1171,462 1172,449 1172,421 1136,413 1134,413 1133,413 1111,420 1088,413 1087,413 1085,413 1084,413 1069,421 984,421 956,412 955,412 954,412 887,420 857,412 856,412 855,412 772,419 751,412 750,412 572,412 571,412 526,420 508,412 507,412 443,412 442,412 404,421 329,421 320,413 318,413 317,413 316,413 233,420 188,412 187,412 139,420 139,449"/>
        <Baseline points="139,449 1172,449"/>
        <TextEquiv>
          <Unicode>mußte nun aus tiefſter Seele dafür dankbar ſein, daß der</Unicode>
        </TextEquiv>
      </TextLine>

      
      
      <TextLine id="eSc_line_fab04db6" >
        <Coords points="141,501 139,516 333,523 335,523 336,523 355,516 362,515 371,516 403,523 404,523 437,516 446,515 453,516 473,523 475,523 476,523 477,523 492,516 496,515 591,515 603,516 658,525 659,525 845,518 859,525 860,525 861,525 909,516 910,516 914,516 1137,525 1138,525 1140,525 1171,515 1172,504 1171,477 1121,468 1119,468 1070,476 1064,476 1042,474 914,468 913,468 880,473 863,476 857,473 849,469 848,469 846,469 845,469 844,469 840,473 833,476 796,472 750,468 749,468 747,468 746,468 742,472 734,477 675,477 608,476 595,470 587,466 586,466 584,466 529,469 428,474 403,468 397,466 396,466 394,466 386,468 351,474 299,466 295,466 294,466 291,466 253,474 214,466 213,466 211,466 194,474 141,465 141,501"/>
        <Baseline points="141,501 1172,504"/>
        <TextEquiv>
          <Unicode>Verſchmähte ihr ein verborgenes Aſyl im Altenburgiſchen</Unicode>
        </TextEquiv>
      </TextLine>

      
      
      <TextLine id="eSc_line_f1cfaa75" >
        <Coords points="139,560 139,575 1171,572 1171,560 1171,533 1077,523 1076,523 1074,523 1055,531 966,523 965,523 963,523 962,523 950,531 950,533 837,533 837,531 826,525 825,525 823,525 822,525 821,525 799,531 785,525 784,525 783,525 781,525 760,531 750,523 749,523 747,523 746,523 745,523 720,531 684,523 682,523 644,531 643,533 612,533 612,531 601,523 599,523 598,523 597,523 536,531 534,531 533,531 495,523 439,523 438,523 437,523 435,523 426,531 388,523 386,523 385,523 359,531 342,523 340,523 339,523 337,523 305,531 294,523 293,523 291,523 290,523 240,531 238,531 237,531 218,523 217,523 215,523 214,523 194,531 192,531 191,531 153,523 152,523 150,523 149,523 139,529 139,560"/>
        <Baseline points="139,560 1171,560"/>
        <TextEquiv>
          <Unicode>ſchuf. Nach der Geburt eines Knaben, dem in ſolcher illegi⸗</Unicode>
        </TextEquiv>
      </TextLine>

      
      
      <TextLine id="eSc_line_64d8b70a" >
        <Coords points="139,611 139,629 826,629 829,629 849,636 851,636 852,636 1169,629 1171,615 1171,586 1153,579 1152,579 1150,579 1114,586 1001,579 1000,579 962,586 960,586 959,586 933,579 932,579 931,579 872,586 867,586 856,579 855,579 853,579 852,579 851,579 830,586 827,586 823,586 784,577 783,577 689,584 686,584 685,584 641,577 640,577 639,577 616,584 614,584 613,584 579,577 578,577 441,583 418,576 416,576 415,576 139,582 139,611"/>
        <Baseline points="139,611 1171,615"/>
        <TextEquiv>
          <Unicode>timen Heimlichkeit und äußerſten Gefahr einer Entdeckung die</Unicode>
        </TextEquiv>
      </TextLine>

      
      
      <TextLine id="eSc_line_473f20e7" >
        <Coords points="139,667 138,682 149,689 150,689 152,689 153,689 214,683 237,690 238,690 240,690 321,683 359,690 361,690 464,685 484,691 485,691 487,691 488,691 517,685 586,691 587,693 662,693 662,691 663,691 665,691 673,685 674,685 679,685 827,693 829,693 1169,687 1171,671 1171,641 139,636 139,667"/>
        <Baseline points="139,667 1171,671"/>
        <TextEquiv>
          <Unicode>Mütterliche ihre Liebe widmete, blühte ſie neu auf an Leib</Unicode>
        </TextEquiv>
      </TextLine>

      
      
      <TextLine id="eSc_line_eeeac275" >
        <Coords points="141,723 139,738 150,744 152,744 153,744 154,744 156,744 157,744 166,738 176,744 177,744 179,744 180,744 181,744 206,738 318,744 320,744 477,738 483,738 484,738 518,746 519,746 521,746 522,746 538,739 594,746 595,746 825,739 826,739 851,747 852,747 853,747 855,747 884,740 1140,747 1141,747 1142,747 1171,739 1172,727 1171,698 1080,689 1079,689 1077,689 1053,695 1049,697 1047,695 1036,689 1035,689 1034,689 1032,689 1031,689 1016,695 1013,697 1001,695 965,690 963,690 929,694 910,697 906,694 902,690 901,690 899,690 829,687 827,687 795,693 775,695 651,690 559,687 557,687 538,689 487,695 434,687 418,686 416,686 415,686 411,687 396,694 238,686 237,686 236,686 202,694 141,685 141,723"/>
        <Baseline points="141,723 1172,727"/>
        <TextEquiv>
          <Unicode>und Seele; ja Friedrich Schlegel, von Wilhelm ihr als Helfer</Unicode>
        </TextEquiv>
      </TextLine>

      
      
      <TextLine id="eSc_line_e873a42f" >
        <Coords points="141,778 141,795 841,795 902,801 903,801 905,801 906,801 916,795 1084,795 1111,801 1112,801 1114,801 1169,793 1171,781 1169,754 1088,746 1087,746 1085,746 1084,746 1074,752 1073,752 1072,752 1046,743 1045,743 1043,743 1042,743 1017,751 1012,752 1000,751 965,746 963,746 932,750 913,752 906,750 891,743 890,743 889,743 860,750 842,754 735,754 724,747 717,744 716,744 715,744 694,747 658,752 647,746 643,743 641,743 640,743 639,743 599,746 529,751 515,744 510,742 508,742 507,742 506,742 495,744 466,751 426,743 413,742 412,742 403,743 361,751 348,743 347,743 346,743 344,743 343,743 342,743 331,750 317,742 316,742 314,742 313,742 308,742 256,748 141,740 141,778"/>
        <Baseline points="141,778 1171,781"/>
        <TextEquiv>
          <Unicode>beſtellt, ſcheint ſich ſelber, während er dem Bruder alles treu⸗</Unicode>
        </TextEquiv>
      </TextLine>

      
      
      <TextLine id="eSc_line_19a513f3" >
        <Coords points="141,832 139,846 1168,850 1171,837 1171,809 1049,809 1047,808 1035,799 1034,799 1032,799 1031,799 994,807 993,807 966,799 965,799 963,799 962,799 960,799 951,807 948,808 939,807 893,799 891,799 890,799 861,805 852,808 846,805 829,797 827,797 787,797 785,797 784,797 769,805 765,807 757,805 727,797 726,797 724,797 723,797 704,804 698,807 693,804 677,797 675,797 674,797 673,797 650,804 643,805 637,804 613,797 612,797 610,797 609,797 591,804 582,808 557,808 552,803 545,797 544,797 542,797 491,797 489,797 488,797 487,797 480,803 475,805 449,803 419,799 418,799 375,801 336,804 321,801 298,796 297,796 295,796 280,800 263,805 141,800 141,832"/>
        <Baseline points="141,832 1171,837"/>
        <TextEquiv>
          <Unicode>lich berichtet, einer Leidenſchaft für dieſe ſeltenſte Frau er⸗</Unicode>
        </TextEquiv>
      </TextLine>

      
      
      <TextLine id="eSc_line_6c7e7140" >
        <Coords points="142,887 142,906 177,900 187,906 187,907 188,907 190,907 191,908 313,908 313,907 314,907 320,906 343,900 373,906 388,908 389,908 437,906 513,902 599,906 686,910 688,910 689,910 707,906 716,903 720,906 724,910 726,910 727,910 728,910 769,906 784,904 799,906 849,911 851,911 916,906 931,904 933,906 941,911 943,911 944,911 946,911 977,906 978,906 981,906 1108,913 1110,913 1169,904 1171,894 1169,866 1079,857 1077,857 1076,857 1074,857 1065,865 1062,868 1034,868 1030,865 1019,857 1017,857 1016,857 965,856 963,856 902,864 894,865 891,864 871,856 870,856 821,856 819,856 818,856 789,864 784,865 779,864 751,854 750,854 749,854 747,854 717,864 716,864 715,864 701,854 700,854 698,854 697,854 647,862 613,854 612,854 610,854 609,854 608,854 595,862 593,865 555,865 546,862 502,853 500,853 499,853 498,853 483,862 479,862 420,853 375,853 374,853 373,853 351,861 348,862 236,862 233,861 206,851 204,851 203,851 142,860 142,887"/>
        <Baseline points="142,887 1171,894"/>
        <TextEquiv>
          <Unicode>wehren zu müſſen, deren Briefe ihm ſchon aus der Ferne</Unicode>
        </TextEquiv>
      </TextLine>

      
      
      <TextLine id="eSc_line_66c57444" >
        <Coords points="142,942 141,953 168,963 169,963 171,963 234,956 283,963 285,963 286,963 287,963 295,956 400,964 401,964 511,957 916,967 917,967 1171,959 1172,948 1172,919 1122,911 1121,911 1084,918 1081,918 1079,918 1022,911 1020,911 1019,911 1000,918 997,918 994,918 963,911 962,911 829,917 822,917 821,917 799,910 798,910 796,910 586,915 576,915 575,915 551,908 549,908 548,908 546,908 530,915 529,915 523,915 447,908 446,908 408,915 400,915 390,914 329,907 328,907 327,907 325,907 316,914 299,907 298,907 297,907 295,907 271,914 270,914 268,914 247,907 245,907 244,907 142,913 142,942"/>
        <Baseline points="142,942 1172,948"/>
        <TextEquiv>
          <Unicode>ein Studium geweſen waren und die ihm nun ſein Ideal des</Unicode>
        </TextEquiv>
      </TextLine>

      
      
      <TextLine id="eSc_line_81a5d9cb" >
        <Coords points="142,997 142,1018 636,1014 647,1017 656,1021 658,1021 659,1021 722,1017 756,1016 775,1017 823,1022 825,1022 878,1017 894,1016 898,1017 914,1024 916,1024 917,1024 979,1017 982,1017 988,1017 1142,1024 1144,1024 1145,1024 1171,1016 1172,1002 1171,975 1130,965 1129,965 990,972 963,974 954,972 913,964 912,964 910,964 894,972 893,974 799,974 792,971 768,964 766,964 765,964 703,970 677,972 667,970 646,963 644,963 643,963 565,968 534,971 513,968 472,963 470,963 469,963 451,968 439,972 408,972 403,967 397,963 396,963 394,963 393,963 392,963 377,967 366,971 310,971 304,967 297,961 295,961 294,961 293,961 142,964 142,997"/>
        <Baseline points="142,997 1172,1002"/>
        <TextEquiv>
          <Unicode>ſelbſtändigen „doriſchen“ Weibes verkörperte. Ihre melodiſche</Unicode>
        </TextEquiv>
      </TextLine>

      
      
      <TextLine id="eSc_line_bb18715d" >
        <Coords points="139,1052 138,1064 232,1073 233,1073 266,1067 1167,1075 1169,1059 1168,1029 1134,1021 1133,1021 1043,1026 1024,1028 1013,1026 979,1021 978,1021 977,1021 967,1026 963,1028 944,1025 897,1020 895,1020 826,1024 784,1026 675,1026 669,1022 663,1018 662,1018 660,1018 659,1018 633,1021 606,1025 576,1021 551,1017 549,1017 496,1020 424,1024 415,1018 413,1017 412,1017 411,1017 409,1017 361,1018 204,1022 139,1016 139,1052"/>
        <Baseline points="139,1052 1169,1059"/>
        <TextEquiv>
          <Unicode>Stimme, zumal beim Vorleſen Goethes, war ſeinem Ohr Muſik,</Unicode>
        </TextEquiv>
      </TextLine>

      
      
      <TextLine id="eSc_line_d6995ea3" >
        <Coords points="139,1108 139,1126 276,1123 302,1126 327,1130 328,1130 351,1126 374,1123 420,1126 484,1131 485,1131 510,1126 522,1124 537,1126 571,1131 572,1131 574,1131 583,1126 587,1124 591,1126 601,1131 602,1131 745,1132 746,1132 789,1126 798,1126 803,1126 832,1132 833,1132 864,1126 871,1126 880,1126 940,1134 941,1134 1168,1126 1169,1113 1169,1086 1137,1077 1136,1077 1134,1077 1095,1085 1093,1085 1042,1077 1041,1077 1039,1077 1022,1085 917,1085 890,1085 882,1077 880,1077 879,1077 878,1077 846,1083 837,1075 836,1075 834,1075 833,1075 762,1083 761,1083 760,1083 749,1075 747,1075 746,1075 745,1075 743,1075 715,1083 713,1083 712,1083 694,1075 693,1075 692,1075 658,1083 654,1083 650,1083 597,1074 595,1074 530,1082 527,1082 522,1082 396,1075 394,1075 393,1075 370,1081 336,1073 335,1073 214,1073 213,1073 211,1073 184,1081 183,1081 181,1081 161,1073 160,1073 158,1073 157,1073 139,1079 139,1108"/>
        <Baseline points="139,1108 1169,1113"/>
        <TextEquiv>
          <Unicode>ihr Urteil ſeinem eigenrichtigen Geiſt Offenbarung. Ein Ab⸗</Unicode>
        </TextEquiv>
      </TextLine>

      
      
      <TextLine id="eSc_line_49b885e8" >
        <Coords points="141,1158 141,1164 139,1183 253,1184 255,1184 256,1184 257,1184 266,1177 287,1184 289,1184 290,1184 291,1184 304,1184 386,1178 473,1184 499,1185 500,1185 508,1184 537,1178 548,1184 551,1187 552,1187 553,1187 555,1187 556,1187 563,1184 576,1180 597,1184 608,1187 609,1187 622,1184 647,1180 776,1180 783,1185 787,1188 788,1188 789,1188 791,1188 852,1185 932,1181 946,1185 954,1188 955,1188 956,1188 1168,1185 1169,1170 1168,1140 1017,1140 1013,1139 963,1131 962,1131 960,1131 936,1138 918,1131 917,1131 806,1131 804,1131 761,1138 758,1138 756,1138 716,1130 715,1130 583,1136 582,1136 553,1128 552,1128 551,1128 443,1135 346,1127 344,1127 279,1134 161,1127 160,1127 158,1127 147,1131 141,1158"/>
        <Baseline points="141,1164 1169,1170"/>
        <TextEquiv>
          <Unicode>ſchnitt der Lucinde ſpricht es mit den höchſten Worten aus,</Unicode>
        </TextEquiv>
      </TextLine>

      
      
      <TextLine id="eSc_line_d1c00523" >
        <Coords points="141,1192 141,1218 139,1230 166,1238 168,1238 169,1239 1168,1239 1169,1225 1168,1196 1108,1187 1107,1187 1035,1195 1030,1195 1024,1195 963,1185 962,1185 906,1193 903,1193 899,1193 756,1184 754,1184 753,1184 736,1192 717,1184 716,1184 715,1184 659,1192 656,1192 655,1192 632,1184 631,1184 629,1184 628,1184 627,1184 617,1192 616,1193 576,1193 574,1192 553,1183 552,1183 551,1183 549,1183 526,1189 439,1183 438,1183 358,1191 347,1191 340,1189 291,1181 290,1181 289,1181 272,1188 237,1181 236,1181 234,1181 233,1181 221,1189 219,1189 142,1189 141,1192"/>
        <Baseline points="141,1218 1169,1225"/>
        <TextEquiv>
          <Unicode>was dieſem genial begabten Funkenſchläger mitten in großen,</Unicode>
        </TextEquiv>
      </TextLine>

      
      
      <TextLine id="eSc_line_57be71a8" >
        <Coords points="141,1273 139,1287 274,1294 275,1294 323,1288 335,1287 340,1288 356,1294 358,1294 359,1294 389,1288 399,1287 409,1288 451,1295 453,1295 617,1288 646,1288 656,1290 722,1296 723,1296 724,1296 739,1290 761,1296 762,1296 764,1296 891,1290 901,1290 906,1290 971,1298 973,1298 1169,1290 1171,1279 1171,1250 1131,1242 1130,1242 1129,1242 1111,1249 1088,1242 1087,1242 1085,1242 865,1248 861,1248 845,1241 844,1241 842,1241 684,1248 658,1248 651,1248 608,1239 606,1239 481,1246 468,1246 461,1246 416,1239 415,1239 413,1239 400,1246 399,1246 396,1246 369,1238 367,1238 366,1238 324,1245 321,1246 261,1246 260,1245 253,1238 252,1238 251,1238 249,1238 248,1238 234,1245 233,1245 232,1245 202,1238 200,1238 141,1244 141,1273"/>
        <Baseline points="141,1273 1171,1279"/>
        <TextEquiv>
          <Unicode>auf einen Winckelmann für antike Poeſie und Philoſophie</Unicode>
        </TextEquiv>
      </TextLine>

      
      
      <TextLine id="eSc_line_0803a209" >
        <Coords points="141,1328 141,1347 589,1343 671,1345 784,1351 785,1351 845,1345 867,1344 914,1345 1096,1352 1098,1352 1171,1344 1172,1333 1172,1305 1110,1305 1108,1303 1099,1295 1098,1295 1096,1295 1095,1295 1093,1295 1076,1303 1074,1303 1072,1303 1034,1295 1032,1295 1031,1295 1030,1295 1020,1302 1019,1305 944,1305 929,1302 872,1294 871,1294 832,1301 822,1303 787,1303 784,1301 776,1294 775,1294 773,1294 715,1294 713,1294 712,1294 711,1294 703,1299 698,1302 671,1299 601,1292 599,1292 571,1298 565,1299 557,1298 519,1292 518,1292 517,1292 515,1292 507,1298 503,1301 484,1298 450,1292 449,1292 390,1296 354,1299 347,1296 336,1291 335,1291 333,1291 306,1296 289,1299 270,1295 247,1291 245,1291 141,1294 141,1328"/>
        <Baseline points="141,1328 1172,1333"/>
        <TextEquiv>
          <Unicode>zielenden Entwürfen Carolinens Nähe bedeutete. Doch er</Unicode>
        </TextEquiv>
      </TextLine>

      
      
      <TextLine id="eSc_line_ee2b0915" >
        <Coords points="141,1381 139,1396 966,1408 967,1408 1171,1401 1172,1387 1171,1360 1080,1352 1079,1352 1024,1359 1016,1359 1009,1359 965,1351 963,1351 878,1358 868,1358 863,1358 826,1351 825,1351 784,1356 775,1358 772,1356 761,1349 760,1349 758,1349 757,1349 756,1349 736,1356 735,1356 717,1349 716,1349 715,1349 635,1355 617,1356 610,1355 589,1349 587,1349 586,1349 526,1355 517,1355 515,1355 506,1348 504,1348 503,1348 502,1348 500,1348 480,1353 476,1356 405,1356 401,1353 393,1348 392,1348 390,1348 389,1348 141,1351 141,1381"/>
        <Baseline points="141,1381 1172,1387"/>
        <TextEquiv>
          <Unicode>irrte ſich, wenn er ihre Dankbarkeit gegen Wilhelm, ſeinen</Unicode>
        </TextEquiv>
      </TextLine>

      
      
      <TextLine id="eSc_line_507fc0fe" >
        <Coords points="141,1448 154,1455 156,1455 157,1455 266,1450 313,1457 314,1457 461,1451 476,1451 480,1451 513,1458 514,1458 627,1454 655,1452 666,1454 700,1459 701,1461 1168,1461 1169,1443 1169,1415 975,1404 974,1404 905,1409 878,1412 874,1409 867,1404 865,1404 864,1404 863,1404 822,1409 814,1409 810,1408 795,1402 794,1402 715,1402 713,1402 712,1402 698,1406 685,1410 669,1406 651,1401 650,1401 648,1401 647,1401 636,1405 627,1409 590,1405 556,1401 555,1401 553,1401 541,1404 522,1409 499,1404 481,1400 480,1400 423,1402 314,1408 299,1401 295,1398 294,1398 293,1398 264,1400 169,1406 143,1398 142,1435 141,1448"/>
        <Baseline points="142,1435 1169,1443"/>
        <TextEquiv>
          <Unicode>brüderlichen Wohltäter, für „koloſſaliſche Verliebtheit“ nahm,</Unicode>
        </TextEquiv>
      </TextLine>

      
      
      <TextLine id="eSc_line_e5af0770" >
        <Coords points="143,1489 142,1501 181,1511 183,1511 286,1504 291,1504 294,1504 340,1512 342,1512 537,1507 572,1507 579,1508 608,1514 609,1514 610,1514 625,1508 632,1507 667,1509 751,1515 753,1516 1169,1516 1171,1497 1169,1469 1121,1469 1119,1467 1106,1459 1104,1459 1103,1459 1102,1459 1019,1466 1000,1467 996,1466 979,1459 978,1459 977,1459 880,1465 849,1466 840,1465 810,1457 808,1457 807,1457 806,1457 780,1463 773,1465 758,1463 705,1457 704,1457 703,1457 701,1457 693,1462 690,1465 686,1462 678,1458 677,1458 675,1458 644,1462 632,1463 629,1462 621,1455 620,1455 618,1455 617,1455 586,1461 574,1463 565,1461 549,1455 548,1455 546,1455 502,1461 483,1462 479,1459 470,1454 469,1454 468,1454 466,1454 428,1459 416,1461 392,1459 333,1454 332,1454 331,1454 329,1454 324,1458 317,1462 306,1458 294,1454 293,1454 291,1454 272,1458 256,1461 143,1457 143,1489"/>
        <Baseline points="143,1489 1171,1497"/>
        <TextEquiv>
          <Unicode>denn ohne Leidenſchaft, nach allerlei heftig erwogenen Plänen</Unicode>
        </TextEquiv>
      </TextLine>

      
      
      <TextLine id="eSc_line_c4737b8f" >
        <Coords points="143,1545 142,1558 658,1569 659,1569 947,1565 1004,1572 1005,1572 1169,1565 1171,1553 1169,1526 1022,1523 1000,1514 998,1514 997,1514 954,1522 940,1523 924,1520 887,1515 886,1515 884,1515 872,1519 863,1523 788,1523 777,1518 761,1512 760,1512 758,1512 713,1516 665,1522 637,1515 620,1511 618,1511 526,1511 525,1511 523,1511 518,1514 500,1520 473,1512 464,1509 462,1509 397,1509 396,1509 394,1509 392,1511 375,1519 359,1511 358,1509 356,1509 299,1508 298,1508 285,1509 192,1518 143,1507 143,1545"/>
        <Baseline points="143,1545 1171,1553"/>
        <TextEquiv>
          <Unicode>ferner Weltflucht tat Caroline, auch von ihrer Mutter zur</Unicode>
        </TextEquiv>
      </TextLine>

      
      
      <TextLine id="eSc_line_43868166" >
        <Coords points="142,1592 142,1599 142,1618 226,1613 261,1619 268,1619 270,1619 271,1619 272,1619 285,1613 304,1619 309,1621 310,1621 312,1621 325,1619 356,1614 365,1619 367,1621 369,1621 370,1621 371,1621 404,1619 462,1615 487,1619 507,1622 508,1622 527,1619 557,1614 575,1619 584,1622 586,1622 587,1622 670,1619 717,1618 742,1619 808,1625 810,1625 811,1625 833,1619 845,1617 859,1619 884,1626 886,1626 887,1626 889,1626 909,1619 912,1619 1061,1619 1068,1619 1114,1628 1115,1628 1168,1619 1169,1609 1168,1581 1068,1572 1066,1572 1032,1580 1030,1580 1026,1580 996,1571 994,1571 993,1571 783,1577 776,1577 775,1577 761,1569 760,1569 758,1569 757,1569 723,1575 705,1568 704,1568 703,1568 701,1568 673,1576 631,1569 629,1569 590,1576 589,1576 579,1568 578,1568 576,1568 575,1568 502,1575 432,1565 431,1565 430,1565 399,1573 321,1565 320,1565 147,1572 142,1592"/>
        <Baseline points="142,1599 1169,1609"/>
        <TextEquiv>
          <Unicode>zweiten Ehe gedrängt, einen allerdings auf beiden Seifen</Unicode>
        </TextEquiv>
      </TextLine>

      
      
      <TextLine id="eSc_line_72c010bd" >
        <Coords points="142,1656 142,1675 1168,1674 1169,1661 1168,1633 1122,1633 1121,1632 1108,1623 1107,1623 1106,1623 1104,1623 1103,1623 1087,1632 1085,1632 1084,1632 1054,1623 1053,1623 1051,1623 1050,1623 1031,1632 1028,1633 913,1633 898,1630 846,1622 845,1622 844,1622 842,1622 834,1629 833,1630 830,1629 810,1622 808,1622 807,1622 806,1622 779,1629 770,1630 762,1629 734,1622 732,1622 731,1622 709,1628 701,1630 693,1628 675,1622 674,1622 673,1622 671,1622 659,1628 655,1629 622,1628 521,1621 472,1621 470,1621 469,1621 468,1621 462,1626 457,1629 437,1626 399,1619 359,1619 358,1619 356,1619 355,1619 348,1625 346,1628 343,1625 336,1619 335,1619 333,1619 332,1619 331,1619 320,1625 312,1628 142,1623 142,1656"/>
        <Baseline points="142,1656 1169,1661"/>
        <TextEquiv>
          <Unicode>furchtbar falſchen Schritt durch die Verheiratung mif dem</Unicode>
        </TextEquiv>
      </TextLine>

      
      
      <TextLine id="eSc_line_7c985c43" >
        <Coords points="141,1709 139,1728 267,1729 268,1729 270,1729 271,1729 287,1722 329,1729 344,1731 346,1731 358,1729 384,1724 394,1729 399,1731 400,1731 401,1731 453,1729 553,1725 678,1729 837,1735 838,1735 865,1729 876,1728 890,1729 935,1736 936,1736 1005,1729 1015,1729 1022,1729 1065,1737 1066,1737 1169,1729 1171,1718 1169,1691 1111,1680 1072,1680 1070,1680 1069,1680 1068,1680 1058,1689 1047,1680 1046,1680 1045,1680 955,1679 954,1679 952,1679 939,1687 933,1690 882,1690 868,1686 840,1678 838,1678 837,1678 788,1684 762,1687 684,1687 678,1682 671,1676 670,1676 669,1676 667,1676 639,1682 613,1686 557,1680 506,1675 504,1675 479,1679 441,1684 370,1684 354,1676 347,1674 346,1674 344,1674 299,1676 190,1682 179,1674 177,1674 176,1674 141,1674 141,1709"/>
        <Baseline points="141,1709 1171,1718"/>
        <TextEquiv>
          <Unicode>jüngeren Manne. Der um ſie grenzenlos verdiente Gatte</Unicode>
        </TextEquiv>
      </TextLine>

      
      
      <TextLine id="eSc_line_77149639" >
        <Coords points="143,1765 142,1779 149,1786 149,1788 150,1788 152,1788 153,1788 154,1788 172,1779 237,1779 256,1788 257,1788 259,1788 380,1779 399,1789 400,1789 401,1789 403,1789 404,1789 415,1782 435,1789 437,1789 438,1790 576,1790 576,1789 578,1789 598,1782 667,1790 669,1790 670,1790 694,1782 764,1790 765,1790 822,1782 836,1790 837,1790 838,1790 840,1790 941,1784 988,1792 989,1792 1076,1784 1153,1790 1155,1790 1156,1790 1157,1790 1168,1782 1169,1770 1169,1743 1013,1741 1001,1733 1000,1733 998,1733 997,1733 916,1739 905,1732 903,1732 902,1732 901,1732 899,1732 880,1740 879,1740 875,1740 802,1732 800,1732 799,1732 772,1740 768,1740 758,1740 705,1733 704,1733 627,1739 616,1739 614,1739 599,1731 598,1731 513,1731 511,1731 510,1731 489,1737 487,1739 485,1737 475,1731 473,1731 472,1731 470,1731 427,1737 415,1739 408,1737 386,1731 385,1731 384,1731 337,1736 327,1739 282,1739 278,1736 264,1729 263,1729 261,1729 143,1735 143,1765"/>
        <Baseline points="143,1765 1169,1770"/>
        <TextEquiv>
          <Unicode>ſollte ſie vor der ſcheelſüchtigen, die „Bürgerin Böhmer“ ſo⸗</Unicode>
        </TextEquiv>
      </TextLine>

      
      
      <TextLine id="eSc_line_ff189abf" >
        <Coords points="143,1819 143,1838 621,1835 637,1838 656,1843 658,1843 659,1843 694,1838 709,1836 713,1838 719,1843 720,1843 722,1843 723,1843 798,1838 815,1838 818,1838 832,1845 833,1845 834,1845 836,1845 837,1845 846,1838 848,1838 855,1838 898,1845 899,1845 901,1845 902,1845 912,1838 914,1838 997,1838 1007,1838 1061,1846 1062,1846 1169,1838 1171,1827 1171,1798 1114,1789 1112,1789 1055,1797 1050,1797 1043,1797 990,1788 989,1788 941,1796 937,1796 933,1796 882,1789 880,1789 879,1789 865,1794 863,1796 785,1796 783,1794 750,1786 749,1786 747,1786 685,1793 682,1793 681,1793 658,1785 656,1785 655,1785 654,1785 652,1785 640,1793 637,1793 601,1785 599,1785 523,1792 504,1793 462,1792 294,1782 293,1782 143,1788 143,1819"/>
        <Baseline points="143,1819 1171,1827"/>
        <TextEquiv>
          <Unicode>gar offiziell ächtenden Welt rehabilitieren, ihr und Auguſten</Unicode>
        </TextEquiv>
      </TextLine>

      
      
      <TextLine id="eSc_line_863390f4" >
        <Coords points="143,1872 142,1885 217,1895 218,1895 331,1889 333,1889 352,1896 354,1896 355,1896 477,1891 503,1891 506,1892 518,1897 519,1897 521,1899 631,1899 631,1897 632,1897 644,1893 656,1891 690,1895 727,1899 728,1899 772,1896 826,1892 837,1897 845,1900 846,1900 848,1900 937,1899 1107,1895 1167,1902 1169,1880 1168,1846 1017,1851 1005,1845 1001,1842 1000,1842 998,1842 997,1842 973,1845 935,1850 772,1845 636,1840 635,1840 603,1845 580,1847 564,1845 536,1839 534,1839 533,1839 513,1845 502,1847 489,1845 469,1839 468,1839 466,1839 439,1845 428,1846 412,1845 361,1838 359,1838 327,1845 314,1846 302,1845 256,1836 255,1836 143,1843 143,1872"/>
        <Baseline points="143,1872 1169,1880"/>
        <TextEquiv>
          <Unicode>ein ſicherer Halt ſein. Auguſt Wilhelm Schlegel ſtand nach</Unicode>
        </TextEquiv>
      </TextLine>

      
      
      <TextLine id="eSc_line_ab5d7530" >
        <Coords points="143,1927 143,1948 268,1942 295,1949 299,1950 301,1950 302,1950 304,1950 306,1949 324,1944 332,1950 333,1950 335,1950 336,1950 375,1950 580,1946 648,1952 662,1953 663,1953 670,1953 712,1946 794,1953 810,1954 811,1954 819,1953 859,1948 879,1954 884,1956 886,1956 887,1956 908,1954 970,1949 1164,1956 1167,1937 1165,1907 848,1896 846,1896 746,1903 730,1903 720,1902 669,1895 667,1895 601,1902 593,1902 591,1902 584,1895 584,1893 583,1893 582,1893 580,1893 529,1900 526,1900 522,1900 473,1893 472,1893 441,1900 437,1900 434,1899 419,1892 418,1892 416,1892 143,1896 143,1927"/>
        <Baseline points="143,1927 1167,1937"/>
        <TextEquiv>
          <Unicode>gründlicher philologiſch⸗hiſtoriſcher und äſthetiſcher Ausbildung</Unicode>
        </TextEquiv>
      </TextLine>

      
      
      <TextLine id="eSc_line_76cb4483" >
        <Coords points="143,1980 142,1998 183,2006 184,2006 279,2001 285,2001 306,2011 308,2011 450,2013 451,2013 453,2013 491,2003 492,2003 572,2003 576,2005 601,2013 602,2013 603,2013 673,2006 685,2005 694,2006 747,2016 749,2016 750,2016 773,2007 777,2006 783,2007 815,2014 817,2014 818,2014 838,2007 845,2006 853,2007 884,2017 886,2017 887,2017 948,2009 954,2009 955,2009 965,2017 966,2017 967,2017 1022,2018 1023,2018 1167,2011 1168,1990 1167,1961 1084,1954 1083,1954 1055,1960 1042,1963 1034,1960 1019,1953 1017,1953 971,1953 970,1953 929,1959 912,1961 897,1959 860,1952 859,1952 818,1959 807,1960 802,1959 787,1952 785,1952 784,1952 783,1952 766,1959 761,1960 754,1959 730,1950 728,1950 727,1950 621,1957 591,1959 587,1957 578,1949 576,1949 575,1949 574,1949 480,1956 460,1957 445,1956 382,1948 381,1948 323,1954 313,1956 310,1954 291,1946 290,1946 289,1946 287,1946 286,1946 272,1954 268,1954 173,1948 172,1948 143,1953 143,1980"/>
        <Baseline points="143,1980 1168,1990"/>
        <TextEquiv>
          <Unicode>als epochemachender Dolmetſch ſchon auf der Höhe ſeines</Unicode>
        </TextEquiv>
      </TextLine>

      
    </TextRegion>
    
    <TextRegion id="eSc_textblock_e1cda86d"  >
      <Coords points="564,264 586,227 736,233 747,275 586,275 564,264"/>
      
      
      <TextLine id="eSc_line_2d0fb67e" >
        <Coords points="731,231 724,231 717,231 704,231 690,230 677,230 663,230 650,229 636,229 622,229 609,227 608,227 586,229 582,230 571,246 570,257 570,271 736,278 739,256 738,252 731,231"/>
        <Baseline points="570,257 739,256"/>
        <TextEquiv>
          <Unicode>Einleitung</Unicode>
        </TextEquiv>
      </TextLine>

      
    </TextRegion>
    
    <TextRegion id="eSc_textblock_81fe962f"  >
      <Coords points="114,2355 232,2355 232,2418 108,2418 114,2355"/>
      
      
      <TextLine id="eSc_line_9475075e" >
        <Coords points="215,2355 202,2355 188,2355 175,2355 161,2355 147,2355 134,2355 120,2355 119,2344 107,2344 107,2367 107,2380 228,2380 228,2367 228,2355 215,2355"/>
        <Baseline points="107,2367 228,2367"/>
        <TextEquiv>
          <Unicode>TECLINISCHI</Unicode>
        </TextEquiv>
      </TextLine>

      
      
      <TextLine id="eSc_line_a84f1fa2" >
        <Coords points="105,2389 105,2402 223,2401 223,2389 223,2371 105,2371 105,2389"/>
        <Baseline points="105,2389 223,2389"/>
        <TextEquiv>
          <Unicode>UNIVERSITA</Unicode>
        </TextEquiv>
      </TextLine>

      
      
      <TextLine id="eSc_line_8965699e" >
        <Coords points="108,2410 107,2428 219,2429 222,2412 221,2393 108,2393 108,2410"/>
        <Baseline points="108,2410 222,2412"/>
        <TextEquiv>
          <Unicode>OARAASTAU</Unicode>
        </TextEquiv>
      </TextLine>

      
    </TextRegion>
    
    <TextRegion id="eSc_textblock_416b81af"  >
      <Coords points="537,2435 525,2408 298,2402 304,2366 1127,2366 1133,2397 1019,2435 537,2435"/>
      
      
      <TextLine id="eSc_line_a31481f5" >
        <Coords points="1125,2366 1111,2366 1098,2366 1084,2366 1070,2366 1057,2366 1043,2366 1030,2366 1016,2366 1003,2366 989,2366 975,2366 962,2366 948,2366 935,2366 921,2366 908,2366 894,2366 880,2366 867,2366 853,2366 840,2366 826,2366 813,2366 799,2366 785,2366 772,2366 758,2366 745,2366 731,2366 717,2366 704,2366 690,2366 677,2366 663,2366 650,2366 636,2366 622,2366 609,2366 595,2366 582,2366 568,2366 555,2366 541,2366 527,2366 514,2366 500,2366 487,2366 473,2366 460,2366 446,2366 432,2366 419,2366 405,2366 392,2366 378,2366 365,2366 351,2366 337,2366 324,2366 310,2366 309,2363 297,2363 297,2387 297,2402 1126,2405 1127,2387 1127,2379 1125,2366"/>
        <Baseline points="297,2387 1127,2387"/>
        <TextEquiv>
          <Unicode>http:(tudigit.ulb.tu-darmstadt.deſshow(CK-9099-5322-1/0011</Unicode>
        </TextEquiv>
      </TextLine>

      
      
      <TextLine id="eSc_line_09dde217" >
        <Coords points="537,2418 537,2436 1011,2437 1012,2418 1012,2398 537,2398 537,2418"/>
        <Baseline points="537,2418 1012,2418"/>
        <TextEquiv>
          <Unicode>Universitäts- und Landesbibliothiek Darmistact</Unicode>
        </TextEquiv>
      </TextLine>

      
    </TextRegion>
    

    
  </Page>
</PcGts>
