1493 2458
295 223 377 271 XII
736 234 905 286 Einleitung
293 301 1340 368 Anſichten, Stimmungen, Töne in dieſen Blättern liege, die
292 363 1340 428 vor unſern Augen ſich im Satzbau feſtigen und zu treff⸗
290 417 1340 483 ſicherem, auch bildlichem Ausdruck fortentwickeln und die
289 475 1340 535 immer lebendiges Work geben: nie geſucht, ohne Pfauenräder
289 529 1340 591 eines koketten Geiſtes, in gehobenen Momenten voll hohen
289 587 1338 648 Schwunges, mitunter ungeſcheut derb, kleinen Frivolitäten
289 641 1338 708 und großen Bosheiten geneigt, meiſterlich in Nadelſtichen
288 697 1334 764 oder verſchlagenen Anſpielungen, wiederum ſchlechtweg ver⸗
288 755 1333 820 nichtend (wie gegen den armen Schächer Huber als Rezen⸗
288 809 1333 875 ſenten der Romantik), diplomatiſch glatt, ſchlicht plaudernd,
288 863 1335 931 leidenſchaftlich aufgewühlt und enthuſiaſtiſch huldigend. Das
286 921 1335 983 Schreiben ſtecke den Michaelisſchen Kindern im Blute, ſagt
288 977 1333 1040 ſie einmal auf einem Clausthaler Zettel, aber von den Eltern
286 1035 1334 1099 hat ſie es nicht, und ihren Geſchwiſtern war kaum ein Anteil
286 1088 729 1145 an dieſer Gabe verliehen.
330 1141 1331 1208 In der Stille half Caroline mit ungleichem Glück beim
285 1201 1329 1264 Shakeſpeare, mahnend und ſtreichend an der leidigen Lucinde,
284 1257 1331 1320 am Athenäum, an einzelnen Rezenſionen und ſchrieb ſelbſt
285 1312 1330 1377 eine verſchwiegene Reihe, wie ſie zu Wilhelms Dialog „Die
285 1371 1329 1431 Gemälde“ ihre Beſchreibungen von Dresdener Bildern, zu
285 1424 1327 1488 ſeinem Aufſatz über Romeo und Julie Charakteriſtiken bei⸗
285 1481 1329 1537 ſteuerke. A. W. Schlegel pries andeutend ſolche Spenden als
284 1536 1326 1599 Leiſtungen einer Frau, die alles Talent zur Schriftſtellerei be⸗
282 1593 1326 1648 ſaß, ohne es ſelbſtändig auszuüben, und in ſeinen „Bemer⸗
282 1646 1324 1704 kungen über Metrik. An Friedrich Schlegel“ fragt er den Bruder:
284 1711 1323 1765 „ſage mir im Ernſt, iſt dir denn jemals Goethes Iphigenia,
281 1758 1323 1817 etwan von Carolinen vorgeleſen, monotoniſch vorgekommen?
280 1813 1324 1874 Nun ſo helf dir Gott und Sanct Klopſtock.“ Friedrich aber
281 1873 1324 1932 trug gerade dieſe Rezitation in feinem Gedächtnis. Dergeſtalt
282 1928 1320 1985 genießend und frei dienend, haf Caroline doch neben Dol⸗
282 1982 1319 2044 metſcharbeiten eine ganz unbekannte Erzählung verfaßt und
