1471 2440
561 244 730 292 Einleitung
1072 241 1168 294 XIII
134 313 1167 372 den Anſatz zu einem frauenhaften Roman gemacht, der offen⸗
135 367 1165 428 bar mit geringer Erfindung verhüllte autobiographiſche Züge,
134 422 1165 483 aus dem Vaterhaus, der erſten Ehe, der Liebe zu Tatter,
135 477 1167 539 analytiſch darbringen ſollte. Das kleine Bruchſtück blieb
135 534 1170 595 liegen, derweil Friedrichs Lebensgefährtin Dorothea, deren
136 586 1168 645 beſcheidener Sinn auch die Anonymität feſthielt, nicht nur
139 653 1170 700 große litterariſche Fronarbeit für Herrn Friedrich mit der
138 699 1170 760 leeren Taſche willig verrichtete, ſondern vordem ihren Florentin
139 755 1170 814 wenigſtens als Torſo mit artigem Dilettantismus auf die
139 809 395 870 Meſſe ſchickte.
185 862 1170 921 Die Tochter Moſes Mendelsſohns und Caroline ſtehen
142 917 1170 980 nach Erſcheinung und Weſen im ausgeprägteſten Gegenſatze:
140 974 1170 1038 hier die nicht ſchöne, doch anmutige, zierlich gewachſene und
143 1030 1170 1084 feingekleidete Göttingerin mit dem braunen Kraushaar und
143 1089 1172 1145 den blauen Augen, deren lebhaftem Glanz ein etwas ſchiefer
143 1140 1170 1202 Blick ſo wenig ſchadete, wie der friſchen Farbe des ſinnen⸗
142 1192 1172 1257 frohen Geſichtes ein paar Pockenſpuren — da die früh zur
143 1247 1172 1305 Breite neigende, kleine reizloſe Jüdin, an der nur die Stimme
143 1305 1170 1366 das ſanfte war, mit den brennenden ſchwarzen Augen, dem
143 1359 1174 1415 knochigen Geſicht von unverkennbarem Stammestypus. Beide
145 1416 1172 1473 waren klug und bildungsreich, Caroline lebhafter, Dorothea
147 1465 1172 1526 bei großer innerer Wärme auch im Witz trockner; die eine
149 1519 1172 1584 ſah eigenwillig und überlegen auf den Gatten herab, die
146 1575 1172 1641 andre ſchaute voll demütig aufopfernder Dienſtbarkeit als
149 1629 1171 1695 „Geſellin“ zu ihrem Abgott Friedrich, der ſolche Hingebung
147 1684 1172 1748 nicht verdiente, empor. Das frei verbundene Paar Friedrich
147 1736 1170 1806 Schlegel und Dorothea, eigentlich Brendel Veit⸗Mendelsſohn,
147 1796 1168 1861 zog nach Jena, wo eine Zeitlang auch Tiecks, ſie langweilig,
149 1848 1172 1914 er nicht ohne Zweideutigkeit, hauſten und Novalis undauer⸗
149 1901 1172 1969 haft mit Caroline vertraut ward. Gewiß war dieſe nicht be⸗
149 1954 1170 2030 rufen, über „Madame Veit“ den Stab zu brechen, doch ge⸗
