1493 2458
319 262 405 308 XVI
318 335 1367 396 jammervoller Tod aber gab im Sommer 1800 den Anſtoß
318 386 1367 456 zu einer freilich erſt nach geraumer Zeit beendeten Löſung
319 450 560 507 aller Wirren.
360 497 1370 561 Die behauptete Liebe Schellings und Auguſtens iſt ein
319 554 1371 617 Mythus. Das holde Kind hat alle Zärtlichkeit ihrer Mutter
321 613 1368 681 genoſſen und, bedenklich früh eingeweiht, ſich in den mannig⸗
322 667 1371 737 fachen Gefahren jener romantiſchen Atmoſphäre eine harm⸗
323 723 1374 792 loſe Mädchenunſchuld rein erhalten. Sie neckte ſich mit
325 781 1375 852 „Onkel Fritz“, der doch bei allen Witzeleien ihr wahrhaft
323 835 1375 906 zugetan und um ihre Bildung bemüht war. Sie ſchwärmte
326 893 1374 961 trotz der Mutter wie ein rechter Backfiſch für Max und
325 946 1374 1011 Thekla, ging gar nicht auf grüne litterariſche Weisheit aus
326 1002 1375 1067 und wurde mit dem bißchen Griechiſch nichts weniger als eine
327 1058 1375 1127 kleine Gelehrte, nur die muſikaliſche Begabung der Sang⸗
329 1112 1378 1182 reichen ward eifrig gepflegt. Den liebevollen Stiefvater mochte
327 1170 1378 1239 ſie nicht leiden. Schelling gegenüber wich die erſte ſpröde
329 1227 1379 1297 Scheu einer heiteren Kameradſchaft, wobei ſie mit erſtaunlicher
330 1282 1376 1354 Offenheit von der Neigung ihrer Mutter redet, deren Geheim⸗
331 1339 1378 1406 niſſe ſchon das kleine Kind halb erraten und völlig verſchwiegen
333 1392 1376 1465 hatte. Nun war das ſchlanke, hellblonde Mädchen dahin,
334 1450 1376 1519 mit ihm der letzte Halt eines auf die Länge unmöglichen Zu⸗
336 1517 486 1569 ſtandes.
378 1555 1382 1627 Nach Wochen der tiefſten Trauer lebten Schlegels unter
337 1614 1380 1683 den braunſchweigiſchen Verwandten in einer Scheinehe neben⸗
337 1671 1382 1739 einander, während Schellings Briefe aus ſeiner jenenſer Ein⸗
340 1728 1382 1799 ſamkeit grenzenloſe Verzweiflung atmeten, ja den Gedanken
340 1780 1382 1857 an Selbſtmord aufſteigen ließen, wenn Caroline ihn und ſich
340 1835 1382 1914 nicht befreie. Sie rief Goethe zur Hilfe auf. Sie empfand
341 1892 1382 1966 im bitterſüßen Widerſtreit der Gefühle den ganzen Lebens⸗
341 1948 1383 2026 jammer: „daß ein Lächeln grenzen kann an die unſäglichſte
342 2006 1382 2085 Not.“ Eine übermächtige, alles adelnde Leidenſchaft, die ſich
760 264 931 305 Einleitung
109 2361 225 2397 TECHNISCH
105 2386 224 2419 UNIVERSITA
106 2410 221 2447 OARMSTAU
296 2377 1125 2422 http:(tudigit.ulb.tu-darmstadt.deſshow(CK-9099-5322-1/0016
534 2411 1008 2453 Universitäts- und Landesbibliothek Darmstac
