1471 2440
569 222 742 271 Einleitung
1071 225 1174 271 XVII
139 292 1171 353 bezwingen will und eben dadurch ſteigert, durchdringt nun
139 348 1171 401 ihre Briefe, denen wir leider nicht die Antworten beigeſellen
138 402 1170 462 können, mit höchſter Beredſamkeit. Vergebens der wieder⸗
139 458 1172 517 holte Schwur heiliger Reſignation, die auch zu Worten voll
136 512 1170 573 religiöſer Erhabenheit aus dem Katholizismus und dem Hel⸗
138 570 1170 623 lenentum greift, den jungen Freund zu halten wie einen
138 624 1170 677 Bruder ihres toten Kindes, dem vor neuen Siegen im Zelt
136 677 1167 736 brütenden Achill eine ſterbliche Mutter zu ſein, denn ein Halb⸗
139 733 1171 793 gott iſt er ihr als Menſch und Denker. In ſeine Ideenwelt
136 788 1170 847 tauchend, hofft ſie die heitere Helle als wahres Element ihres
139 840 1167 901 Gemütes wiederzufinden. Vor ſeinem Bilde kniet die vielge⸗
138 897 1167 955 prüfte Frau, die nun nach manchem Irrgang dem einen
138 951 1164 1012 idealen Geliebten gegenüber empfindet, zur Treue geboren zu
138 1005 1163 1064 ſein. Dieſe Treue hat ſie fortan aus ganzer Seele gehalten.
138 1062 1163 1123 Ergreifend, wie begierig und gelehrig Caroline in alles ein⸗
138 1116 1164 1177 zudringen ſtrebt, was Schelling denkt und ſchafft, in die Ziele
136 1171 1165 1228 uund Wege ſeiner Philoſophie, die von ihr mit eifernder Liebe
136 1225 1164 1287 verfolgten Kämpfe, ſein Verhältnis zu Fichte, deſſen lichte
136 1279 1163 1342 Denkkraft nicht wie Schellings Geiſt eine poetiſche produktive
139 1333 1163 1396 Wärme beſitze, bis ſie endlich an ſeiner Seite Geheimniſſe des
136 1389 1164 1449 Magnetismus zu ergründen meint und Gottes Gegenwart
138 1439 877 1503 im herrlichen Univerſum dank ihm auffaßt.
185 1493 1160 1560 A. W. Schlegel, der in Jena ohne rechten Lehrerfolg ge⸗
136 1549 1161 1609 blieben und mit der großen, nun rückſtändigen Rezenſieranſtalt
138 1604 1159 1670 zerfallen war, hatte ſich als Reiſeprediger der Romantik nach
136 1659 1159 1718 Berlin gewandt, erntete Lorbeern am Leſepult und in der
135 1710 1157 1779 Geſellſchaft und machte einer reizenden Schauſpielerin den
135 1766 1155 1835 Hof. Caroline ging im Frühjahr 1801 nach Jena zurück,
135 1821 1155 1885 wo alles an die abgeſchiedene Auguſte mahnte und ein dop⸗
135 1874 1153 1943 peltes Wiederſehn bevorſtand: mit Schelling, deſſen Gegen⸗
134 1931 1156 2004 wart die letzten Entſagungsgelübde überwältigen mußte; mit
108 2343 222 2380 TECHNISCH
104 2369 220 2403 UNIVERSITA
103 2393 220 2430 OARMSTAE
291 2364 1107 2400 http:(ftudigit.ulb.tu-darmstadt.deſshow(CK-9099-5322-1/0017
527 2396 995 2435 Universitäts- und Landesbibliothiek Darmstaci
