1493 2458
304 237 430 284 XVIII
303 309 1350 370 Friedrich, der ihr ohne eine Spur des alten Einvernehmens
303 364 1353 424 als ein Fremder, dazu neuerdings durch Schelling an der
305 419 1350 476 Univerſität im Handumdrehen vernichtet, flüchtig begegnete.
305 475 1352 535 Unerquicklich genug iſt die Art, wie ſie in den bald ruhig
304 529 1353 594 plaudernden, bald ſehr berechneten, ja tückiſchen Briefen an
307 584 1353 648 Wilhelm die Loyalität dieſes „redlichſten“ Menſchen auf
305 641 1353 704 ihre Seite zieht gegen den auch durch eine heilloſe Schluder⸗
307 699 1353 759 und Schuldenwirtſchaft ſo angreifbaren Bruder. Ein Haupt⸗
307 755 1356 809 trumpf iſt, ſein böſer Genius ſei die verhaßte Dorothea, die
307 811 1356 871 allerdings an dem empörenden Geträtſch beteiligt war, daß
308 865 1357 928 Schelling durch Kurpfuſcherei Auguſtens Tod mitverſchuldet
308 920 1356 985 habe. Dazwiſchen halbironiſche Schmeicheleien, Neckworte
308 976 1356 1037 an den galanten Schulmeiſter, Abhandlungen über die Auf⸗
311 1032 1356 1097 führung ſeines kraft⸗ und ſaſtloſen Jon, den Schlegel nun
311 1086 1356 1152 ſelber komiſch genug in öffentlicher Polemik gegen ihr un⸗
311 1142 1357 1207 genügendes Lob herausſtrich. Seine üble Laune während des
312 1198 1357 1263 ganzen Briefwechſels kann niemand wundern, die Vorwürfe
311 1253 1357 1317 und Abrechnungen ſind kleinlich und peinlich. Keinen Augen⸗
312 1309 1357 1368 blick aber ſucht Caroline ein heuchleriſches Wort über ihre
314 1365 1360 1431 Liebe zu Schelling, der ſeinerſeits in dem höchſt geſpannten
314 1418 1360 1484 Zuſtand die würdigſte Haltung behauptet und viel früher
314 1476 1361 1540 als die den Bruch vor aller Welt hinausſchiebende Frau ein
315 1532 1360 1590 Ende machen möchte zum Anfang eines neuen befreiten und
316 1584 1361 1653 friedlichen Lebens. Das Frühjahr 1802 vereinigte die drei
318 1642 1361 1701 noch einmal in Berlin, um ſie für immer zu trennen: die
318 1696 1361 1756 Scheidung der Unehe wurde beſchloſſen und, auch mit Goethes
319 1752 1363 1820 freundſchaftlicher Hilfe, endlich vollzogen. „Schlegel hätte immer
319 1810 1361 1869 nur mein Freund ſein ſollen, wie er es ſein Leben hindurch ſo
321 1862 1361 1926 redlich, oft ſo ſehr edel geweſen iſt“, ſagt Caroline viel zu ſpät.
321 1917 1360 1985 Nicht zu ſpät aber kam dieſer Frau, die von zarter Geſund⸗
323 1973 1293 2046 heit und über die Jugend hinaus war, ein reines Glück.
744 236 915 279 Einleitung
107 2361 225 2396 TECHINISCH
105 2386 224 2419 UNIVERSITA
106 2410 221 2447 OARMSTAU
296 2381 1125 2422 http:ftudigit. ulb.tu-darmstadt.deſshow(CK-9099-5322-1/0018
535 2414 1009 2453 Universitäts- und Landesbibliothiek Darmistact
