1471 2440
554 222 726 262 Einleitung
1071 216 1160 267 XIX
168 290 1159 344 Schelling legte ſeine Profeſſur in Jena, deſſen Luft ihm
131 348 1160 401 auch durch ſchmählichſte Streithändel verpeſtet ſchien, nieder
131 402 1157 455 und brachte Caroline in das ſchwäbiſche Pfarrhaus der Eltern,
132 460 1159 512 um von da aus mit ihr als ſeiner Gattin eine längere ita⸗
131 513 1157 570 lieniſche Reiſe anzutreten, zu der es nicht kommen ſollte.
131 567 1159 619 Mit weiſer Liebenswürdigkeit gewann Caroline alle Ange⸗
134 620 1160 676 hörigen des Geliebten und blieb mit ihnen in ungetrübtem,
132 680 1161 730 immer wärmerem Einvernehmen. Die Würzburger und
134 734 1161 786 Münchner Ehejahre bis 1809 wurden trotz manchen Schwierig⸗
135 788 1163 844 keiten von außen eine Zeit des vollſten, dankbar genoſſenen
136 841 1161 901 Glückes, verklärt durch Schellings „milde, herrliche Geſin⸗
136 897 1164 955 nung.“ Sie geht völlig in ihm auf und hütet treu die
139 951 1164 1004 Tempelſchwelle, wenn drinnen „Baal dichtet“; er iſt ihr
138 1007 1164 1068 „mehr als bloß ein zeitlicher Gefährte“, heiliger Geiſt, Ägide
138 1064 1165 1121 gegen jede ernſt empfundene politiſche und moraliſche Not
139 1115 1165 1176 der Zeit, Schöpfer einer neuen Welt, „ein unerſchöpflicher
138 1169 1164 1230 Brunnquell alles Herrlichen und Tröſtlichen.“ In dieſem
138 1226 1163 1285 ſicheren Hafen, wo Schellings Hausherrnjugend ſich über⸗
139 1281 1165 1335 mütig als souverain de sa femme fühlte, wurde Caroline
143 1332 1167 1394 von aller Unſicherheit und Anfechtbarkeit erlöſt. Das Gebet
142 1388 1164 1447 ernſter jenaiſcher Stunden erfüllte ſich, daß nach den höchſten Gü⸗
145 1442 1165 1501 tern und dem ausgeſuchteſten Jammer Einfachheit des Geſchickes
146 1496 1167 1558 mit jedem Gelübde zu erflehen ſei. So vollendete ſie, wie ſie
143 1552 1167 1609 es hoffnungsſicher gewünſcht hatte, ihr Leben „in Frieden
143 1606 1164 1664 und Ruhe der innerſten Seele“, ohne jede Sentimentalität,
143 1661 1167 1722 beglückt und beglückend, frei noch von Verheerungen des
146 1714 1165 1778 Alters und einem fühlbaren Mißverhältnis der Jahre gegen⸗
146 1769 1165 1831 über dem Gatten, der nicht müde ward, in herrlichen Worten
149 1824 1167 1886 ſeinen Verluſt auch über alle reinperſönliche Klage hinaus
149 1882 1163 1941 zu betrauern, und der dann mit einem treuen jungen Lieb⸗
149 1933 963 2002 ling Carolinens ihr verklärtes Andenken feſthielt.
107 2347 225 2379 fEchNischi
101 2369 223 2402 UNIVERSITA
103 2393 222 2431 OARAASTAE
291 2364 1109 2400 http:(ftudigit.ulb.tu-darmstadt.deſshow(CK-9099-5322-1/0019
527 2396 995 2435 Universitäts- und Landesbibliothiek Darmstaci
