1493 2458
329 204 407 263 XX
766 214 939 267 Einleitung
370 284 1371 355 Bei Errichtung des Denkmals verfuhr Waitz kürzend, wie
322 340 1371 413 es die Übermenge zu fordern ſchien und wirklich in gewiſſen
322 398 1368 468 Grenzen erheiſcht; er unterdrückte zugleich, was die Familien⸗
318 454 1367 521 pietät nach ihrem guten Recht nicht zu Markte tragen wollte.
318 510 1367 576 Dabei gingen leider die Geiſt und Herz bewegenden Kämpfe
318 566 1364 636 zwiſchen Entſagung und Liebesleidenſchaft gegen Schelling
316 622 1364 690 verloren, nachdem vorher ein Schleier über die ſchlimmſte
314 680 1361 742 Epiſode in dieſem Frauenleben geſpreitet worden war. Bald
314 741 1361 804 aber trat, nicht ohne ſtrenges Pathos, Haym auf den Plan
312 790 1360 858 und enthüllte aus Briefen Friedrich Schlegels das Mainzer
312 848 1356 913 Abenteuer ſamt ſeinen Folgen, ohne die Begeiſterung dämp⸗
308 903 1352 964 fen zu können, die namentlich W. Scherer laut bekannt hatte.
307 957 1353 1026 Caroline jedoch war dadurch ins Unrecht geſetzt, daß ſie
308 1013 1353 1080 ſelbſt in dieſer Kriſis nicht offen zu Worte kam, und das
308 1067 1352 1140 Waitziſche Schweigen erwies ſich als Fehler. Unſre neue
305 1127 1349 1192 Ausgabe, der Herr Major Paul v. Schelling in Berlin
303 1179 1348 1248 rückhaltlos und ich darf ſagen: freundſchaftlich jeden Vor⸗
303 1235 1348 1304 ſchub geleiſtet hat, kennt keine ſolche Politik, ſie läßt neben
304 1295 1346 1357 Zeugniſſen der Liebe und Bewunderung auch die Antipathie
300 1349 1344 1411 in manchen Graden hervortreten, ſie übt keine Advokatur
299 1405 1342 1470 für und wider, weil dieſe einzige Frau ſtark genug iſt, ſich
297 1461 1340 1523 allein zu behaupten. Allen Selbſtanklagen oder Rouſſeau⸗
296 1517 1340 1578 iſchen Konfeſſionen feind, hat Caroline es wohlverſtändlich
297 1574 1335 1626 gefunden, „wie man die Dokumente eigner verworrner Be⸗
293 1629 1338 1686 gebenheiten ſeinen Kindern und auch der nach uns lebenden
295 1679 1334 1743 Welt als eine die Menſchheit überhaupt intereſſierende Er⸗
293 1738 1334 1802 fahrung hinterlaſſen kann.“ Dieſe volle Mitteilung ihrer
292 1792 1329 1863 Briefe verſtößt nicht gegen den Freiſinn, mit dem ſie ge⸗
290 1848 911 1917 ſchrieben und bewahrt worden ſind.
106 2367 226 2396 TECHINISCHI
103 2386 224 2419 UNIVERSITA
105 2410 224 2447 OARAASTAU
297 2381 1125 2422 http:(tudigit.ulb.tu-darmstadt.deſshow(CK-9099-5322-1/0020
534 2411 1008 2453 Universitäts- und Landesbibliothiek Darmstac
