1471 2440
120 699 542 755 1. An Luiſe Stieler.
549 759 1138 817 Göttingen d. 4. September 1778.
165 809 1142 871 . . . Dieſe Woche war mein Geburtstag, er hat mich zu
113 866 1145 929 traurigen Betrachtungen veranlaſt, vor einem Jahr wie war
111 917 1142 981 daß alles noch ſo ganz anders, ich erinnere es mir noch ſo
109 970 1140 1039 umſtändlich. Bl[umenbach] muſte grade den Tag aufs Land,
109 1026 1144 1088 den Morgen ſchrieb er ein Billet an meinen Bruder, worinn
107 1084 1138 1142 er ihn bat mir zu gratulieren und zugleich zu verſichern, daß er
107 1140 1137 1206 dieſen Mittag meine Geſundheit mit gewiß ſehr warmen Herzen
107 1190 1136 1262 trinken würde, an mich ſchickte er ein Bouquet mit dieſem Vers:
269 1249 951 1312 Den kleinen Straus, den ich Dir binde,
269 1302 870 1363 Pflückt ich aus dieſem Herzen hier,
267 1358 825 1419 Nimm ihn gefällig an, Belinde,
269 1412 886 1470 Den kleinen Straus, er iſt von mir.
107 1462 1136 1531 Den Abend, wie er zurückkam, kam er noch ſelbſt. Wie hat
105 1518 1136 1587 ſich das alles geändert! Dieſes mal hat er nicht daran gedacht,
104 1573 1137 1641 ſeit drei Wochen hab ich ihn nicht geſehn. . . . Ich verliere
105 1629 1133 1695 hier jetzt wieder eine meiner Freündinnen, die ſich in Jena ver⸗
104 1680 1133 1751 heirathet, Mlle Röderer, ſie heirathet den Profeſſor Loder, ein
103 1737 1136 1802 artiger Mann, der erſt Oſtern nach Jena gekommen iſt, und hier
103 1790 1133 1862 ſtudierte, ich hoffe dieſe Ehe ſoll glücklich ſeyn . . . ſie wohnte
104 1846 1127 1914 bey ihrer Schweſter, die aber einen ziemlich eigenſinnigen Mann
104 1900 1127 1975 hat, dies iſt Hr. Schlözer, den Du vermuthlich par renommée
104 1957 272 2013 kenſt . . .
107 2347 225 2380 fechiNischt
100 2369 223 2402 UNIVERSITA
101 2392 223 2430 OARAASTAU
291 2364 1109 2400 http:(ftudigit.ulb.tu-darmstadt.deſshow(CK-9099-5322-1/0023
527 2396 996 2435 Universitäts- und Landesbibliothiek Darmstact
