1493 2458
693 247 1013 299 28. September 1778
329 322 889 379 2. An Julie von Studnitz.
594 376 1374 439 à Goettingue ce 28 du Septembre 1778.
368 434 1376 490 Chere et tendre amie, Vous connoissés donc si peu
331 488 1376 547 Votre Caroline que Vous la pouvés soupçonner de n'être
327 547 1375 603 pas sincere en Vous donnant les éloges que Vous me-
323 603 1376 655 rités. Avés Vous pu méconnoitre ce coeur qui Vous
323 662 1376 718 aime tant? Je ne flatte jamais, je dis ce que je pense et
325 715 1374 774 ce que [je] sens. II étoit donc naturel que je ne pou-
326 772 1374 824 vois pas renfermer en moi même cette vive amitié, cette
325 822 1375 879 estime que j'ai pour ma Julie. Et devroit elle me faire
323 880 1376 938 un reproche des épanchemens de ce coeur qui sent tout
323 938 1374 994 cela pour elle? Mais non, elle ne le fait aussi pas et
323 994 1372 1050 sa modestie n'est encore qu'un éloge de plus pour elle.
323 1047 1372 1108 Elle réunit encore cette qualité si rare aux autres qui
323 1103 1370 1167 suffisoient deja pour lui faire acquerir la consideration,
325 1159 831 1213 l'amitié de tout le monde.
366 1212 1370 1269 J'ai tremblé avec Vous pour la vie de notre cher duc.
323 1274 1370 1330 Quel malheur pour sons pays si on l'avoit perdu. Les
325 1330 1371 1381 vers de Reichard ont assés mon aprobation et l'auroient
321 1387 1368 1442 peutêtre encore plus sans ce préjugé terrible que j'ai pour
322 1443 1370 1499 cet odieux Reichard. Je crois presque que notre haine
321 1496 1368 1555 est reciproque, au moins nous sommes nous brouillés
322 1558 1367 1611 pendant mon dernier séjour à Gotha. II y avoit cepen-
319 1608 1368 1659 dant un tems ou nous nous conviénions beaucoup. II ne
322 1664 1367 1720 parloit que de comedie et Mlle. Michaelis avoit aussi
321 1720 1364 1775 ses bonnes raisons pour ètre toujours sur cet article la.
319 1780 1364 1831 Ce qu'il a fait de mieux c'est sans doute ce poême à
321 1829 1364 1887 la Grim[m] lorsqu'elle parut à la redoute comme Gabriele
321 1884 520 1948 de Vergy.
364 1940 1359 2001 Il est decidé aprésent que mon frere ira en Amerique,
321 2003 1232 2061 il a une grande inclination pour cet employ . . .
106 2367 226 2396 TECHINISCHI
103 2386 224 2419 UNIVERSITA
103 2408 222 2445 OARAASTAU
296 2377 1125 2422 http:(tudigit.ulb.tu-darmstadt.deſshow(CK-9099-5322-1/0024
534 2411 1008 2453 Universitäts- und Landesbibliothek Darmstac
