1471 2440
504 233 759 287 7. Oktober 1778
161 307 1152 370 J'aprens l'Italien aprésent; c'est une langue trés facile
116 361 1149 424 et trés agréable. II est vrai que l'anglois est plus utile,
115 420 1151 473 mais il est aussi sans comparaison plus difficile, mais
116 473 1146 532 peutétre je l'apprendrois encore quand je saurai l'italien;
115 530 1146 589 car je ne veux pas justement savoir parler cette langue,
115 584 1146 635 mais seulement l'entendre tout à fait. je traduis les come-
115 638 1148 692 dies de Goldoni, et mon maitre n'a presque pas besoin de
113 695 1149 749 me dire quelque chose. Ce qu'il y a de plus penible c'est
113 752 1142 810 la prononciation, il dure quelque tems jusqu'a ce qu'on y
112 805 1145 860 accoutume la bouche. Mais je combats aussi ces obstacles
113 859 1144 915 comme un autre Hercule. Ma valeur Vous est assés con-
113 913 1142 973 nue, je ne crains ni le vrai tonnere ni celui du théatre.
155 969 1142 1027 Je lirai aussi les Menſchenfreüden parceque Vous en
112 1023 1144 1084 faites tant l'éloge. Mais je Vous recommanderois aussi
112 1079 1144 1137 une comedie. C'est le Comte de Walltron. Un acteur
109 1135 1142 1195 de la compagnie de Seyler en est l'auteur. Elle est en
112 1188 1142 1249 verité trés jolie et trés touchante. Je l'ai lu il y a quel-
112 1251 1144 1308 ques [jours] à ma mere et mon frere et mes soeurs, et
112 1301 460 1356 tout pleuroit. . . .
713 1299 1099 1354 Caroline Michaelis.
669 1367 1141 1415 Ce trentième Septembre.
159 1415 1141 1468 . . . On a donné l'Ariadne ici en forme d'un concert.
113 1469 1141 1525 Point du tout de la décoration, mais seulement la musique
109 1525 1136 1583 entremelée de declamation. Un certain Monsieur Meyer
109 1579 1134 1640 faisoit le Theseus. Vous savés qu'il est difficile de me con-
109 1641 1133 1697 tenter dans ces roles la, mais celui ci a déclamé à merveille.
111 1790 658 1850 3. An Julie von Studnitz.
458 1846 1133 1907 à Goettingue ce 7 d'Octobre 1778.
153 1899 1137 1962 Je n'eus pas un moment tranquile, chere Julie, avant
111 1952 1134 2022 de recevoir Votre lettre, mais s'il est possible que la
107 2353 223 2380 TECHNISCHI
100 2369 222 2402 UNIVERSITA
100 2392 222 2430 OARAASTAU
291 2364 1109 2400 http:(ftudigit.ulb.tu-darmstadt.deſshow(CK-9099-5322-1/0025
527 2396 995 2435 Universitäts- und Landesbibliothiek Darmstaci
