1493 2458
718 240 976 293 7. Oktober 1778
315 312 1364 372 tendre amitié que javois pour Vous puisse augmenter,
316 378 1367 431 elle est monté aprésent au plus haut degré. Qui, digne
315 427 1367 488 Julie, aucunes paroles ne peuvent exprimer ce que je
318 484 1367 542 sens. Mon coeur est penetré d'admiration et de ten-
314 536 1367 599 dresse. Je ne suis point enthousiaste, je n'outre jamais,
316 598 1365 654 je Vous dis tout simplement ce qui se passe dans mon
314 650 1365 708 coeur. Pourqu'oi ètes Vous si parfaite, mon amie? Vous
312 708 1364 764 me faites perdre l'esperance de pouvoir Vous ressembler;
316 766 1364 820 je garderois Votre lettre comme un chef d'oeuvre. Votre
314 819 1363 879 caractere exellent, la justesse de Votre esprit, la ten-
312 878 1364 934 dresse de Votre coeur, tout y est peint, et moi j'ose me
314 929 1364 984 vanter d'avoir une telle amie? Ah si jamais le ciel me
312 988 1364 1046 rendit malheureuse, je ne le serois pourtant pas tout
312 1050 1363 1099 a fait, car votre coeur est trop constant pour vouloir
314 1100 1361 1155 me priver de la douce consolation que Julie de Stud-
312 1156 1360 1212 nitz est mon amie. Vous partagerés mes peines, je
312 1208 1360 1267 serois la confidente des Votres. Quel image! chere
311 1263 505 1316 Julie! . . .
359 1317 1360 1372 Madame Mara a èté ici. Vous aurés entendu sans
311 1377 1357 1435 doute sa voix divine, je nai donc pas besoin de Vous
312 1436 1359 1487 le dire encore combien elle ma ravie, Vous connoitrés
310 1489 1359 1544 aussi son mari avec son humeur altiére et brusque et
311 1545 1357 1597 son talent exellent pour le violonchelle, mais je ne le
310 1600 1356 1657 puis souffrir. Elle donna deux concerts ici, la première
311 1656 1356 1706 elle chantoit divinement. Quelqu'un qui avoit entendu
310 1711 1355 1768 la celèbre Gabrieli me dit que celle ci chantoit mieux;
310 1768 1353 1821 mais la seconde fois elle ne le fit pas si bien, parceque
308 1829 1352 1880 son mari lui faisoit perdre toute contenance par ses
310 1879 1350 1937 brusqueries continuelles. II possede donc toute ma
310 1932 508 1995 haine. . . .
932 1986 1301 2051 Caroline Michaelis.
106 2361 226 2396 TECHINISCH
103 2386 224 2419 UNIVERSITA
103 2408 222 2445 OARAASTAU
297 2378 1125 2423 http:(tudigit.ulb.tu-darmstadt.deſshow(CK-9099-5322-1/0026
534 2411 1008 2453 Universitäts- und Landesbibliothiek Darmstac
