1471 2440
500 219 763 267 7. Oktober 1778
119 294 543 347 4. An Luiſe Stieler.
672 347 1149 406 Göttingen d. 7 Oct. 1778.
161 395 1151 456 Könt ich Dir doch, beſte theüerſte Freündinn, die Empfin⸗
117 455 1152 516 dungen meines Herzens ausdrüken! Aber ich kans nicht, und
116 513 1152 572 warum ſolt ich etwas unternehmen, wovon ich ſchon zum voraus
117 572 1151 627 ſehe, daß ich nie Worte genug werde finden, die Dir ganz das
117 622 1152 677 ſagten, was mein dankbahres Herz für Dich fühlt! Mit welcher
115 677 1149 740 Schonung tröſteſt Du mich. Nein, Louiſe, ich kan nie ganz
116 733 1149 790 unglüklich ſeyn, da Du meine Freündinn biſt. Glaub es nur,
116 787 1149 843 ich bin keine Schwärmerinn, keine Enthouſiaſtinn, meine Ge⸗
116 841 1151 900 danken ſind das Reſultat von meiner, wens möglich iſt, bei kalten
119 894 1149 959 Blut angeſtellten Überlegung. Ich bin gar nicht mit mir zu⸗
117 955 1151 1013 frieden, mein Herz iſt ſich keinen Augenblick ſelbſt gleich, es iſt
116 1005 1151 1064 ſo unbeſtändig, Du muſt das ſelbſt wißen, da Dir meine Briefe
115 1065 1149 1123 immer meine ganze Seele ſchildern. Ich habe wahres feſtes Ver⸗
116 1115 1148 1180 trauen auf Gott, ich bitte ihn ſo ſehnlich mich glüklich zu machen,
116 1172 1149 1229 aber ich habe ſo verſchiedne Wünſche, wodurch ich das zu werden
116 1226 1149 1289 ſuchte, daß, wenn er ſie alle nach meiner Phantaſie erfüllen
116 1281 1146 1339 wolte, ich nothwendig unglüklich werden müſte. Du mein Gott,
119 1337 1144 1398 der du mein Herz kenſt, der du mich ſchufſt, erfülle keinen Wunſch,
119 1389 854 1451 der dir misfällig, ich verlaße mich auf dich!
162 1443 1146 1506 Hätte ich nicht ein ſo muntres Temperament als ich wirk⸗
119 1496 1146 1554 lich beſize, wie würds da um mich ausſehen! Wie viele Ulr⸗
119 1552 1149 1617 ſachen zur Betrübniß habe ich nicht, und doch vergeße ich ſie
119 1609 1148 1670 ſo leicht, tröſte mich ſo gut ich kann und laße Gott für das
119 1663 1149 1724 Übrige ſorgen. Daß mir meine Geſchwiſter von meiner Mutter
120 1722 1148 1782 vorgezogen werden, iſt das nicht ſchon Kränkung genug? dazu
120 1773 1146 1835 komt eine ſo fehlgeſchlagne Erwartung, und doch will ich die
120 1827 1145 1889 am leichteſten verſchmerzen; aber, meinen guten Nahmen ver⸗
120 1882 1145 1945 lohren zu haben, doch ſo arg iſts vielleicht nicht, meine Ein⸗
122 1933 1145 2004 bildungskraft vergrößert mir mein Unglük, aber doch bin ich
107 2342 222 2380 TECHNISCH
104 2369 222 2403 UNIVERSITA
103 2391 220 2429 OARAASTAU
291 2360 1107 2403 http:(tudigit.ulb.tu-darmstadt.deſshow(CK-9099-8322-1/0027
528 2396 995 2437 Universitäts- und Landesbibliothek Darmstact
