1493 2458
723 213 983 267 7. Oktober 1778
315 285 1367 349 wenigſtens das Geſpräche des ſchlechtern Theils unſrer Stadt,
315 342 1367 408 und das durch eine Urſache, an der ich ſo wahrhaftig unſchuldig
312 398 1367 462 bin, bloß meine Unbeſonnenheit hat mich da hieneingeſtürzt, ich
311 454 1365 516 darfs Dir nicht ſchreiben, weils meine Mutter verboten hat,
311 513 1365 573 Du weiſt noch gar nichts davon. Habe ich einmal eine einſame
308 568 1363 630 Stunde, wo ich nicht fürchten darf überraſcht zu werden, ſo
308 624 1361 689 ſolſt Du es erfahren, aber bis dahin bitte ich Dich laß Dir
305 680 684 736 nichts davon merken.
351 734 1360 800 Mein Bruder iſt glüklich in London angekommen. Aber
304 794 1359 852 Louiſe, kein Wort, kein einziges Wort von ihm in Deinem lezten
303 849 1355 908 Briefe, warumm nicht? fürchteſt Du Dich ihn zu bedauern?
300 903 1353 965 lieber hätteſt Du es nur von Grund des Herzens thun ſollen,
299 958 1353 1022 als dieſe Furcht davor, Dein Stillſchweigen verrieth mehr als
300 1018 1352 1080 die beredteſte Theilnehmung hätte thun können. Er geht nach
299 1069 1350 1133 America als Stabs Medicus bei den Heßen, die Bedingungen
296 1126 1350 1190 ſind ſehr vortheilhaft, und wenn er wieder zurückkömt, ſo iſt
295 1182 1349 1248 ihm eine Verſorgung auf Lebenszeit gewiß. Ich bin ſehr betrübt
295 1241 1346 1304 darüber, die anſcheinende Lebens Gefahr bei dieſer Bedienung
295 1293 1344 1360 durchdringt mich mit Furcht, und ich weis gewiß, das gütige
292 1351 1340 1411 theilnehmende Herz meiner Louiſe wird meine Beſorgniße theilen,
290 1407 1338 1470 ſolte ſie es auch nur durch Stillſchweigen zu erkennen geben.
290 1462 743 1521 Nicht wahr, meine Beſte.
333 1518 1340 1581 Ganz gewiß iſt die Sache noch nicht, es beruht aber nur
286 1573 1340 1629 jezt bloß auf ſeiner Entſcheidung, und da habe ich nicht viel
286 1629 1334 1693 mehr Hofnung übrig, daß die Sache noch zurükgehen könte,
285 1685 1334 1741 Du weiſt wie er iſt, ſein entſchloßnes Temperament ſcheüt keine
285 1739 1333 1802 Gefahr, ich fürchte alſo Europa verliert ihn. Wenn nur ſein
284 1794 1215 1857 Leben nicht in Gefahr wäre. Gott beſchüze ihn! . . .
325 1853 1329 1906 Mache an Deinen lieben Vater tauſend Emphelungen von
281 1909 1327 1966 mir, vergiſt er auch mich wohl, bringe Du mich wieder bei ihm
280 1963 1326 2029 in Errinrung. Deiner lieben Mutter küße die Hände in meinen
107 2361 225 2396 TECHINISCH
105 2386 224 2419 UNIVERSITA
106 2410 221 2447 OARAASTAC
296 2378 1125 2422 http:(ftudigit.ulb.tu-darmstadt.deſshow(CK-9099-5322-1/0028
535 2414 1009 2453 Universitäts- und Landesbibliothiek Darmistact
