1471 2440
515 207 790 260 31. Januar 1779
111 279 1145 340 Nahmen, Deine lieben Geſchwiſter umarme ſtatt meiner, und
113 334 1144 391 Du, meine theüre Louiſe, waß kann, waß ſoll ich Dir ſagen,
113 391 1142 454 daß im Stande wäre nur das geringſte von dem auszudrüken,
112 448 534 513 waß ich für Dich fühle.
749 444 1096 506 Caroline Michaelis.
116 615 664 680 5. An Julie von Studnitz.
441 672 1140 727 à Goettingue ce 31 de Janvier 1779.
158 722 1144 782 . . . Je ne sai pas si je Vous ai dit dans ma derniere lettre,
113 782 1146 830 ma chere Julie, que nous avons eu une visite du jeune
116 835 1146 887 Forster, mais il me semble pourtant; j'espère qu'il passera
112 890 1145 940 aussi par Gotha, je le souhaite au moins, c'est alors que
119 944 1146 1001 Vous aurés une bonne idée de Goettingue en l'en enten-
112 1000 1145 1054 dant parler avec un si grand enthousiasme, c'est l'en-
113 1057 1145 1111 droit qui lui plait le mieux de tout ce qu'il a vu en-
115 1111 1145 1168 core, et lui qui a tant vu, des villes grandes et petites,
113 1164 1145 1225 qui a plu toujours, car c'est un sort qui le suivra par-
113 1220 1146 1276 tout, il en pourra pourtant bien juger. II m'a fait pré-
113 1275 1145 1327 sent de ce drap d'Otahiti. II me l'avoit promis, au cas
116 1331 1146 1382 que j'en voulusse porter un habit, mais je croyois qu'il
116 1386 1144 1440 l'avoit deja depuis longtems oublié et je n'y pensois plus,
116 1439 1145 1495 lorsque je recus un grand paquet de ce drap de lui, avec
115 1492 1145 1548 un tres joli billet. Pour lui tenir ma promesse je m'en
115 1553 1146 1602 ai fait faire un habit de bergère comme on en voit sur
115 1599 1146 1660 la redoute, pour le porter au bal. L'étoffe est blanche
115 1657 1145 1706 et le tout est garni avec du ruban bleu et fait en verité
115 1710 1145 1763 un trés joli effet. Mais Vous auriés du voir, combien
115 1767 1145 1824 cet habit, lorsque je le portois pour la premiere fois, a
116 1823 1145 1878 èté touché et regardé, je puis pourtant dire aprésent qu'il
116 1876 1142 1930 est unique et inimitable, jusqu'áprésent au moins encore,
116 1930 1144 1991 et il le restera peutêtre, car je crois que Forster n'a plus
107 2353 223 2380 TECHNISCHI
100 2369 222 2402 UNIVERSITA
100 2392 222 2430 OARAASTAU
292 2364 1109 2403 http:(tudigit.ulb.tu-darmstadt.deſshow(CK-9099-5322-1/0029
527 2396 995 2435 Universitäts- und Landesbibliothiek Darmstaci
