1493 2458
316 218 367 252 10
732 219 942 274 1. Mai 1779
310 286 1360 355 rien de ces étoffes que ce qui lui est necessaire pour des
310 345 1361 412 preuves. Je voudrois bien Vous en envoyer quelques
307 402 1359 471 unes, si je ne croyois pas qu'il viendra lui même en re-
308 457 1359 525 venant de Berlin et qu'alors Vous en aurés assés. Au
307 512 1356 583 bout du mois de Fevrier il repassera par ici pour aller
305 568 1019 626 s'etablir à Cassel ou il est professeur.
348 624 1355 690 Mon frere ne partira qu'au mois de Mars pour l'Ame-
300 680 1353 751 rique, il sent aprésent l'importance de son entreprise et
301 738 1350 805 est un peu inquiet. Mais de ce coté je suis sur de lui.
300 790 1352 863 Si jamais un homme au monde remplira ses devoirs c'est
299 848 1350 917 lui. Mais les autres dangers, qu'il court, il ne les craint
297 908 1344 973 pas, et moi je ne puis jamais me tranquiliser la dessus. . . .
340 962 1345 1029 Il me semble que Votre théatre tombe de plus en
296 1014 1345 1084 plus. D'avoir accepté Mr Warneke qui est d'ici et qui
293 1070 1345 1140 a joué l'Azor avec tant de vivacité et d'action, voila une
297 1129 1342 1196 grande preuve du gout de Mr Reichard. Vous perdés
292 1192 1341 1254 et nous y gagnons, il faudroit donc proprement que toute
292 1248 1340 1302 notre ville en temoigna sa reconnoissance à Votre sage
289 1300 1338 1364 directeur. Notre théatre est peutêtre mieux aprésent que
289 1350 1334 1418 le Votre. En quelques jours on representera le Weſtindier.
288 1407 1335 1470 Mr Schlik a aussi été ici et il a eu une aprobation una-
288 1463 1335 1530 nime. Son jeu est en verité superieur. Tout le monde
286 1526 1331 1586 s'est interressé pour lui, je ne sai pas si c'est à cause de
285 1578 1330 1634 ses talens ou de son histoire romanesque avec MI. de Ru-
284 1629 1322 1700 dolph dont toutes les particularités sont connues ici. . . .
282 1795 835 1858 6. An Julie von Studnitz.
677 1857 1318 1921 à Goettingue ce 1 de May 1779.
327 1907 1318 1971 . . . Mon frère est en pleine meer depuis le 19 d'Avril,
280 1963 1318 2033 le nom de son vaisseau est: Europa. C'est celui de l'Ami-
106 2367 228 2396 TECHINISCHII
103 2386 225 2419 UNIVERSITA
105 2410 222 2448 OARAASTAU
296 2378 1125 2422 http:(ftudigit.ulb.tu-darmstadt.deſshow(CK-9099-5322-1/0030
534 2411 1008 2453 Universitäts- und Landesbibliothek Darmstac
