1433 2438
1099 237 1137 270 II
109 299 1145 361 ral qui lui y a offert une place, disant, qu'il croyoit, qu'ils
111 357 1145 414 passeront bien leur tems ensemble. Priés avec moi pour
112 411 1145 463 la conservation de ce frere cheri. Ah si Vous le con-
112 465 1146 520 noissiés, Vous me pardonneriés, Vous excuseriés mon
111 524 1146 582 enthousiasme pour lui. II a pris congé de nous tous, dans
113 578 1148 639 une lettre, peutêtre pour jamais! Ah ma Julie, quelle
113 629 1146 692 idée effrayante! II m'a envoyé la silouette de Keppel.
113 688 1146 746 C'est une fort jolie estampe de differentes couleurs, en-
115 742 1148 800 tourée de lauriers. J'ai erigé à celui ci un autel, dans
115 797 1149 853 ma chambre, c'est ma table à coudre, sur le quel on
120 851 1148 915 voit le portrait de Keppel, et ce noeud bleu avec son
119 914 286 967 nom . . .
161 958 1149 1015 La nouvelle des comediens congédiés m'a surprise beau-
117 1018 1151 1079 coup, mais je ne Vous en plains pas. Peutêtre que Gotha
123 1074 1151 1136 y gagnera plus qu'il n'y perd. Je croyois toujours que
120 1128 1151 1182 le duc n'auroit pas assés de fermeté pour resister à toutes
120 1183 1151 1237 les prieres dont on l'accableroit de toutes parts, mais je
123 1237 1151 1297 vois bien que je me suis trompée. Pour ce Böck, je suis
122 1294 1152 1351 tout à fait changé à son égard. Comment ai je pu mé-
122 1346 1152 1400 connoitre cette suffisance qui fait le trait principal de son
122 1400 1152 1458 caractere? Je Vous assure, ma Julie, que je m'etonne
124 1458 1152 1514 souvent du prejugé que j'ai eue pour lui. Qu'on est aveugle!
126 1518 1153 1571 quelque fois! même au point que non seulement on ne
128 1569 879 1625 voit pas, mais qu'on ne veut point voir.
170 1621 1155 1678 Mr. Forster est ici pour se dissiper un peu, car il est
124 1675 1153 1726 fort mélancolique, et je crois qu'il a raison de l'ètre. Son
127 1732 1153 1786 sort n'est pas des plus agréables. Son pere lui fait beau-
128 1787 1152 1837 coup de peine, on ne lui a pas rendu justice à Londres,
127 1839 1153 1896 il n'a pas èté recompensé de son voyage et Lord Send-
131 1893 1152 1950 wich l'a rendu odieux au Roi. II a une vocation à Halle,
131 1949 1151 2014 mais ses créanciers ne le laisseront pas partir de l'Angle-
519 227 730 276 1. Mai 1779
111 2354 211 2378 ECHNISCH
100 2367 214 2400 UNIVERSITA
104 2391 214 2428 5ARMASTAU
286 2364 1079 2405 http:(tudigit.ulb.tu-darmstadt.deſshow(CK-9099-5322-1/0031
513 2394 967 2431 Universitäts- und Landesbibliothiek Darmstadi
