1493 2458
329 223 371 259 12
734 229 964 284 23. Mai 1779
319 300 1367 367 terre, si le Roi de Prusse ne paye pour lui. Toutes ces
316 352 1364 423 circonstances sont naturellement fort tristes pour un fils
321 411 901 469 si tendre comme Forster . . .
1010 419 1316 484 Votre Caroline.
316 574 871 640 7. An Julie von Studnitz.
577 634 1356 704 à Goettingue ce 23[—28] de May 1779.
355 689 1357 757 Pendant que tout le beau monde de Goettingue se pre-
307 745 1356 815 pare pour le bal qui se donnera ce soir en honneur de
304 798 1352 865 Mr. de Bremer conseiller privé d'Hannovre et de sa fa-
301 857 1350 924 mille, je m'entretiens avec ma chere Julie, et puisque j'ai
300 917 1349 980 trouvé ce moyen pour me consoler de mon esperance
299 972 1348 1037 trompée, car j'ai cru pendant toute cette semaine que
301 1025 1348 1091 j'en serois aussi, je ne l'envie plus tant, et je supporte
296 1085 1345 1142 mon malheur avec une philosophie étonnante pour une
293 1140 1345 1203 créature comme moi. Mais cependant je ne puis pas tout
293 1193 1344 1259 à fait etouffer le souhait: que je voudrois qu'il ne faisoit
292 1250 1341 1315 pas si beau tems et si chaud aujourd'hui et que ma mêre
290 1312 1338 1372 se portoit mieux, ce qui sont les principales raisons pour-
289 1361 1333 1425 qu'oi nous n'allons pas. Et pourriés Vous m'en blamer,
286 1417 1335 1482 chere amie? II faudroit que je dementisse mon caractêre
285 1472 764 1526 pour ètre si Stoique . . .
329 1523 1330 1590 Pour ce que Vous dites de la vie champêtre, ma tendre
282 1584 1329 1648 Julie, je ne suis pourtant qu'à la moitié de votre senti-
280 1640 1326 1702 ment, c'est a dire que pour l'été je ne sais rien de plus
278 1696 1324 1757 ravissant qu'une telle vie au milieu d'un cercle d'amis
277 1750 1326 1813 choisis, mais que pour l'hyver, quand la nature est privé
275 1810 1322 1870 de ses charmes et paroit en deuil, quand tout n'est que
274 1868 1319 1926 desert autour de nous, pour lors je ne repons pas que
274 1919 1318 1978 je ne desire de revoir la ville et d'être de nouveau spec-
274 1973 1315 2041 tateur des differentes scenes de la vie humaine, de me
106 2365 228 2396 TECHINISCHI
103 2386 225 2419 UNIVERSITA
105 2408 224 2448 OARAASTAU
296 2377 1124 2422 http:(tudigit.ulb.tu-darmstadt.deſshow(CK-9099-5322-1/0032
534 2411 1008 2453 Universitäts- und Landesbibliothek Darmstac
