1433 2438
515 232 742 285 23. Mai 1779
1104 243 1137 287 13
109 307 1145 358 divertir des originaux que je rencontre (car il faut qu'il
113 364 1146 421 y en ait pour diversifier un peu le theatre de la vie,) et
111 419 1146 471 de changer l'air serein et pur de la campagne avec celui
112 474 1145 536 de la ville qui quoiqu'il ne possede pas justement ces
112 530 719 587 qualités, me convient beaucoup.
154 581 1148 637 J'ai lu Emilie et Burgheim; mais il me semble que
115 642 1148 697 l'auteur écrit trop de romans, et qu'il se gate par la, avec
115 694 1148 749 cela il s'est pris d'inclination pour les amans malheureux,
115 750 1151 807 et ce n'est pas mon fait. Je crois cependant que cet Alten
117 804 1149 856 ne vivra plus longtems, on l'a envoyé contre les Con-
117 858 1151 911 färderés, pour cet effet, et ceux ci l'expedieront bien. Pour-
117 914 1148 968 Grifberg on le verra sain et sauf dans le dernier tome,
120 967 1151 1021 se marier avec Friederike, qu'oiqu'il soit vraiement en
120 1023 1152 1086 grand danger aprésent, mais souvenés Vous que Burgheim
122 1079 1152 1139 y fut aussi à la fin du premier tome comme Grifberg au
122 1135 1152 1190 second, je ne doute donc pas que l'auteur Miller ne trou-
123 1190 1152 1248 vera aussi quelque moyen pour sauver celui ci. Enfin
122 1250 1153 1304 son Siegwart me plait mieux quoique je ne désapprouve
124 1302 1156 1358 pas Emilie, et je ne blame en ce dernier roman que cet
124 1354 1156 1408 éternel monotone: Liebe unglücklich Liebende ꝛc. qui m'est
126 1408 1156 1465 devenu si fade, parceque je lis beaucoup de ces choses et
131 1466 1156 1521 vois qu'il y a partout le même. Je conviens qu'un roman
128 1527 1155 1573 sans amour seroit fort ininterressant, mais je ne veux pas
130 1576 1157 1633 qu'il ne soit question que de cela. Sophiens Reiſen est
131 1630 1155 1686 selon mon idée un des meilleurs qu'on puisse avoir. —
131 1683 1155 1743 Mon dieu quel griffonage, mais je ne veux pas m'excuser,
131 1739 1157 1793 ma chere Julie m'excusera, quand elle considere que
134 1794 1157 1850 j'aurois pu aller au bal aujourd'hui et qu'il n'en est rien
132 1847 652 1908 pourtant, mais on m'apelle.
183 1900 1157 1965 Voila comme le ciel recompense ses enfans! On a changé
136 1957 822 2022 de resolution et nous irons encore . . .
108 2351 214 2379 ECHNISCHI
100 2368 215 2400 UNIVERSITA
103 2390 214 2425 OARAASTAU
286 2364 1080 2405 http:(tudigit.ulb.tu-darmstadt.deſshow(CK-9099-5322-1/0033
513 2394 967 2431 Universitäts- und Landesbibliothiek Darmstadi
