1493 2458
322 230 366 288 14
1068 316 1363 374 ce 28 de May.
359 365 1364 424 . . . Au reste je me suis assés bien amusé. Forster ètoit
310 419 1364 480 ici, mais pas de la partie, parcequ'il partoit la même nuit
310 476 1360 540 pour Hannovre ou il avoit deja envoyé tous ses habits.
307 533 1360 594 Mais Boyé que Vous connoitrés peutêtre par renommée
304 588 1359 654 en fut. C'est un fort agréable homme, il me connoit dés
304 652 1356 705 ma plus tendre enfance et nous avons renouvellé notre
301 701 1353 766 ancienne amitié; comme il ne m'a vu depuis cing ans,
300 756 909 817 il me trouvoit un peu changée.
344 811 1353 875 Mlle. Preissing a èté ici et a chanté avec beaucoup
299 868 1350 934 d'approbation, je ne l'ai pas entendue parceque ma mere
296 925 1348 983 ètoit malade, mais quelques uns l'ont preferé a Mad. Mara.
295 979 1346 1043 Je crois que c'en est dit trop. Avés vous jamais remarquée
296 1036 1344 1099 que la Preissing me ressembloit? ici on le trouve gene-
293 1092 1341 1151 ralement. Mad. Schlaeger m'ecrit que Vous avés la Koch
293 1147 1341 1208 aprésent pour trois fois. Alors Vous irés pourtant à la
289 1201 1337 1267 comedie? II y avoit un tems ou elle n'ètoit pas la raison,
289 1261 1049 1317 pourquoi nous allions à la comedie . . .
333 1315 1335 1371 Je me suis fait faire une bague avec la silhouette de
286 1371 1331 1432 mon frere, elle est fort ressemblente. II est parti aprésent,
288 1428 1331 1492 son vaisseau s'apelle: Ler trois Soeurs. II l'a choisi . . .
725 234 952 294 21. Juli 1779
281 1589 844 1653 8. An Julie von Studnitz.
626 1649 1326 1713 à Goettingue ce 21 de Juillet 1779.
323 1704 1330 1764 Je connois assés le coeur de ma chere et tendre Julie
278 1761 1329 1817 pour ètre tout à fait persuadée qu'elle me pardonnera
278 1816 1329 1872 mon silence, quand je lui en allegue les raisons. C'ètoit
277 1872 1324 1932 une maladie de ma mere, elle a souffert beaucoup, et
281 1925 1323 1981 Vous qui ètes Vous même une si tendre fille envers votre
274 1986 1320 2049 digne mere, Vous Vous pourrés aisément representer ma
106 2367 228 2396 TECHINISCHII
102 2384 222 2419 UNIVERSITA
105 2410 224 2448 OARAASTAU
296 2373 1125 2422 http:(tudigit.ulb.tu-darmstadt.deſshow(CK-9099 8322-1/0034
534 2411 1008 2453 Universitäts- und Landesbibliothek Darmstac
