1433 2438
502 249 726 295 2I. Juli 1779
1114 255 1123 300 ¹
103 318 1136 373 situation. Mon pere fut justement pendant ce tems à
105 372 1137 429 Pyrmont, d'ou il est revenu, il y a huit jours, rajeuni et
103 425 1137 487 bien portant comme s'il n'avoit que quarante ans, il
101 491 1134 532 trouvoit ma mere reconvalescente dont la maladie consi-
100 537 1133 595 stoit dans une faiblesse des nerfs. Je prie dieu que son
101 595 1133 650 retablissement continue toujours de même. Si je la per-
100 654 1133 701 dois aprésent que j'ai le plus besoin de ses conseils, je
100 702 1133 758 serois perdue, l'etourderie qui fait une des principaux
100 759 1133 816 traits de mon caractere me jetteroit dans un abime de
100 814 1132 873 malheur. Mais le bon dieu ne nous à pas fait pour
100 869 1130 925 malheureux au plus haut degré, il me conservera encore
100 923 803 977 que j'aime tant et à qui je dois tout.
139 979 1132 1034 Croyés moi, ma chere amie, Vous avés lieu de rendre
100 1034 1129 1086 graces à dieu de ce que Vous n'etes pas né sur une uni-
100 1088 1129 1149 versité. C'est le lieu le plus dangereux pour une jeune
98 1143 1129 1200 fille, et s'il dependoit de moi, je le fuirois et me cacherois
98 1198 1129 1252 dans quelque lieu de la terre ou je pourrois vivre inconnue
97 1256 1127 1309 et tranquile en possedant votre amitié. Je ne parle pas
100 1304 1125 1367 sans raison ainsi, chere Julie, pardonnés moi mes plaintes,
98 1362 1129 1416 mais en effet je ne suis pas si heureuse qu'on me croit
98 1418 1126 1473 peutêtre. II faut qu'on pese chaque mot, pour qu'on ne
100 1468 1125 1529 l'entende dans l'heure suivante tourné d'une maniere
98 1527 1127 1588 qu'on s'en effraye, qu'on evite le moindre pas qui pourroit
98 1583 1123 1644 donner des soupçons, et on n'est gueres plus soupçonneux
98 1634 1125 1695 qu'on ne l'est ici, enfin qu'on ne fasse rien, sans avoir
98 1693 1125 1748 pensé et repensé mille fois les suites de la plus indifferente
97 1744 1122 1806 action. Et combien mal quadre cela avec mon tempe-
97 1800 1123 1859 rament vif et étourdi! Si encore on gagnoit quelque
98 1854 1121 1919 chose avec sa prevoyance, mais l'innocence n'en est pas
98 1907 1121 1969 moins opprimé, j'en ai fait l'experience, et je n'ai jamais
98 1968 1121 2033 su qu'alors, combien il est consolant d'avoir une bonne
109 2356 211 2379 ECHINISCH
103 2367 215 2401 UNIVERSITA
101 2389 212 2424 OARAASTAU
286 2362 1079 2401 http:(tudigit.ulb.tu-darmstadt.deſshow(CK-9099-5322-1/0035
513 2394 967 2431 Universitäts- und Landesbibliothiek Darmstadi
