1493 2442
534 638 757 701 Einleitung
169 740 1161 800 Das Jahr 1870 ſtand für die deutſche Litteraturgeſchichte
126 796 1159 858 unter dem Zeichen der Romantik, denn ſie empfing in Dil⸗
128 850 1164 911 theys Schleiermacher und Hayms Romantiſcher Schule zwei
131 907 1160 961 ſehr verſchiedene Meiſterwerke. Unmittelbar folgte die große
130 961 1161 1021 Briefſammlung, die den Namen Caroline für alle Zeit erſt
127 1016 1163 1074 lebendig machen ſollte, nachdem kurz vorher auch Schellings
130 1073 1163 1124 Leben durch eine reiche Korreſpondenz beleuchtet worden war.
128 1127 1164 1187 Georg Waitz, des Philoſophen Schwiegerſohn, hatte neben
131 1184 1165 1242 ſeinen gewichtigen Leiſtungen als Hiſtoriker in jahrelanger
130 1237 1163 1295 liebevoller Erholungsarbeit, die Unzähligen zum Gewinn und
131 1295 1164 1351 Genuß ward, aus dem Familiennachlaß und anderen Quellen
131 1345 1163 1405 ungeahnte Schätze von Urkunden der Lebensgefährtin A. W.
134 1398 1165 1461 Schlegels und Schellings geſchöpft. Sie vergegenwärtigten
135 1454 1165 1515 uns eine ſeltene deutſche Briefkünſtlerin, eine höchſt intereſſante
135 1511 1164 1571 Frau, deren Los es war, weit über den Tod hinaus Enthu⸗
137 1565 769 1623 ſiasmus und Abneigung zu erwecken.
177 1619 1164 1679 Carolinens (1763—1809) Vater war der berühmte Orien⸗
135 1671 1165 1736 taliſt Johann David Michaelis in Göttingen, ein Führer der
137 1729 1164 1790 altteſtamentlichen Kritik, ein außerordentlicher Polyhiſtor und
137 1782 1165 1846 vielſeitiger Schriftſteller ohne formalen Reiz, in ſeinen kräf⸗
138 1836 1165 1902 tigen Mannesjahren auch als Dozent wirkſam, organiſato⸗
139 1892 1167 1956 riſch begabt, aber von ſchwierigem Weſen und dadurch nach
141 1948 1164 2014 und nach unter den Kollegen vereinſamt, ſo daß die mit⸗
