1493 2442
312 229 355 278 VⅠ
299 306 1349 363 fühlende Tochter manchmal ſein verkümmertes Alter beklagk.
298 362 1351 423 Die Mutter, eine umſtändliche, kleinmütige Frau, die ſpäfer
297 420 1350 481 ihre Scheu vor dem „zu witzigen“ Kreiſe Jenas nicht über⸗
297 474 1350 537 winden konnte, ſtand Carolinen innerlich fern und wußte auch
297 531 1347 594 die andren Kinder, zumal die heißblütige Lotte, nicht zu führen.
297 587 1349 648 Dieſe Familie entbehrte des ſichern Hausfriedens. Wir ſehen
295 645 1346 705 Caroline von frühen Liebesneigungen bewegt und dadurch
294 701 1347 761 ohne Schuld auch üblem Gerede ausgeſetzt, dem ſie unreif
293 757 1346 818 moraliſierend, mit frommen Wallungen begegnet; Mediſance
293 812 1343 872 und Schwärmerei wechſeln bei dem jungen Mädchen, das
293 866 1342 923 doch bald jede Überſpanntheit verwirft und trotz allem Hoch⸗
293 925 1343 979 gefühl einer Hofratstochter der vornehmſten Univerſität in
291 979 1340 1041 ſeiner Klugheit und raſch ausgreifenden Bildung für gelehrte
289 1035 1339 1093 Frauen nichts übrig hat. Sie bewährt früh ihre äſthetiſche
289 1092 1339 1151 Richtung und läßt uns einen damals noch ſehr vereinzelten
289 1146 1338 1206 Goethekultus verfolgen, der nicht bloß an Werthers Leiden
290 1204 1338 1256 haftet, ſondern den trägen Zeitgenoſſen voraneilend die klaren
289 1258 1336 1315 Kunſtwerke des Weimaraners umfängt. So vermochte ſie
289 1315 1335 1368 fortan, durch nichts beirrt, ſeine Bahn zu begleiten und ohne
287 1371 1334 1431 jeden Bruch den ganzen Goethe zu erfaſſen, während ihr nach
287 1427 1331 1485 der erſten Abneigung gegen die Jugendſchlacken und bei per⸗
286 1482 1332 1539 ſönlichen Händeln eine wärmere Berührung mit Schillers
287 1535 765 1592 Wachstum unmöglich war.
328 1591 1331 1652 Dieſes anregungs⸗ und mitteilungsbedürftige, nach Kunſt
285 1648 1330 1705 und Liebe dürſtende Weſen ward auf Jahre hinaus an der
282 1703 1327 1760 Seite eines braven Durchſchnittsmenſchen, mit dem ſie allen⸗
285 1759 1328 1815 falls „tändelt“, für den aber ihre Clausthaler Briefe nie ein
282 1815 1323 1873 Wort tieferer Neigung finden, in die Öde eines rauhen Harz⸗
280 1872 1324 1929 ſtädtchens verbannt. Die Langeweile ſucht ſie mit vieler Lek⸗
283 1929 1324 1979 türe von Romanſchmökern zu den Großen alter und neuerer
283 1983 1321 2043 Zeit empor zu würzen, und zwei Töchterchen erquicken ihr
749 238 912 288 Einleitung
