1493 2442
1100 222 1171 272 Ⅶ
137 303 1171 359 Mutterherz. Jung verwitwet kehrt ſie nach Göttingen zurück,
138 354 1174 416 wo eine Leidenſchaft für den geſcheiten, kalten Höfling Tatter
138 409 1171 468 ſie hinnimmt und ein alter Bekannter, der Schriftſteller F. L.
139 463 1174 529 W. Meyer, auf längere Zeit ihr unzuverläſſiger Vertrauter
139 519 1174 583 wird. In Marburg, dem Wohnſitz des früher vergötterten
139 573 1176 638 Stiefbruders, verliert ſie die jüngere Tochter, indes Guſtel
142 630 1175 686 immer holder heranblüht, findet aber kein Genügen an die⸗
143 685 1175 742 ſem Aufenthalt, und auch Gotha, die Stätte einer Lebens⸗
143 744 1176 804 freundſchaft, vermag ſie nicht zu feſſeln, obgleich „die gottloſe
146 797 1176 851 kleine Frau, die kokette junge Witwe“ von dem Herrn General⸗
147 851 1178 910 ſuperintendenten umworben wird! Eine neue häusliche Ein⸗
147 908 1176 963 ſchnürung, die ſie und ihr teures Kind nur verſorgt hätte,
149 961 1179 1022 gehörte nicht zu „jeder möglichen Glückſeligkeit“ gemäß den
147 1016 1182 1077 gefährlichen Loſungen: Genügſamkeit allein könne ſie nicht
149 1071 1179 1134 glücklich machen; ihr Liebesmantel ſei ſo weit, als Herz und
149 1126 1180 1188 Sinn des Schönen gehe. Die Hilfsmittel eines freieren und
150 1180 1180 1242 reicheren Daſeins nur in ſich ſelbſt ſuchend, entſchloſſen „Göt⸗
152 1237 1182 1298 kern und Menſchen zum Trotz glücklich zu ſein“, ſiedelte
153 1291 1183 1353 Caroline 17g2 nach Mainz über, wohin das ungleiche Paar
154 1345 1182 1408 Forſter ſie ſchon früher einmal gezogen hatte. Zunächſt auf
156 1400 1186 1459 das Forſterſche Haus beſchränkt, iſt ſie die kreue Freundin
158 1455 1183 1515 Georgs und blickt in ſeine brüchige Ehe mit ihrer klugen,
158 1508 1183 1571 energiſchen Jugendgenoſſin Thereſe, der Tochter des Philo⸗
158 1565 1186 1625 logen Heyne, die, ganz anders als Caroline, die geſetzliche
157 1619 1186 1679 Korrektheik ſelbſtgerecht wahrend, dem genialen, doch halt⸗
158 1674 1186 1733 loſen Gatten einen unbedeutenden Liebhaber vorzog und dann
158 1728 1186 1786 ihre Familie durch zähe Brotſchriftſtellerei ernährke. Die beiden
160 1784 1188 1836 Frauen beobachketen einander ſcharf, Thereſens Ulrteile wuchſen
160 1838 1187 1896 immer mehr aus alker Gegnerſchaft zu maßloſem Haß. Wäh⸗
162 1893 1190 1949 rend ſie dem heißen Boden entfloh, wurde Caroline von dem
162 1946 1188 2017 im langen Stilleben angeſtauten Drang ihrer Freiheitsliebe
565 227 735 280 Einleitung
