1493 2458
296 219 387 267 Ⅷ
292 296 1344 368 wie ihrer Sinnlichkeit fortgeriſſen, ſo daß ſie ſank und fiel,
293 355 1345 423 doch nur, um ſich mit aller wunderbaren Schwungkraft ihres
290 412 1345 479 Weſens aus der Erniedrigung wieder emporzuheben. Jener
290 465 1340 533 Latter hatte ſie von ſich geſtoßen: „Meine Geduld brach,
286 524 1337 589 mein Herz wurde frei, und in dieſer Lage, bei ſolcher Be⸗
288 578 1337 651 ſtimmungsloſigkeif meinke ich nichts Beſſers tun zu können,
286 634 1338 705 als einem Freund trübe Stunden zu erleichtern und mich
285 693 1338 760 übrigens zu zerſtreun.“ So kam die dunkle Epiſode, in der
285 748 1335 815 Caroline ſich zwar durch ein unbegreifliches Schickſal aus
282 804 1335 872 ihrer Sphäre geriſſen, aber doch nicht der Tugenden für
284 863 1333 928 häusliche Stille beraubt, nicht zur Abenteurerin herunterge⸗
262 915 1330 983 kommen fühlte. Sie hatte neben dem blindlings der franzö⸗
281 970 1331 1040 ſiſchen Revolution zugeſchworenen Forſter zeitweilig in das
280 1026 1330 1095 fremdbrüderliche Mainzer Klubbiſtentum freiheitskrunken ein⸗
280 1084 1329 1152 geſtimmt und im heißen Sinnenrauſch einer Ballnacht ſich
275 1138 1326 1207 einem blutjungen Offizier hingegeben. Dieſe lichtſcheue Buhl⸗
277 1193 1324 1267 ſchaft, vielleicht nur eine einzige Stunde der Vergeſſenheit,
275 1252 1324 1313 drohte ihr den Untergang, da ſie einer Kette von Unvorſichtig⸗
274 1308 1324 1375 keiten zufolge mit andern Frauen als Parteigängerin des
274 1364 1319 1429 Feindes von den Preußen eingekerkert und auf der Feſtung
271 1418 1319 1480 Königſtein unter den furchtbarſten Umſtänden ihrer Schwanger⸗
273 1474 1318 1541 ſchaft bewußt ward. Sie war zum Selbſtmord feſt entſchloſſen,
273 1529 1319 1596 falls die Haft nicht bis zu einer beſtimmten Zeit ende; in
270 1586 1316 1650 hinreißenden, leider vernichteten Briefen, denen auch die Fein⸗
269 1641 1315 1706 din hohe Bewunderung nicht verſagen kann, ſprach ſie das
266 1697 1314 1756 aus. Bruder Philipp vor allen befreite ſie aus der folgenden
266 1753 1315 1817 Cronberger Gefangenſchaft; Wilhelm Schlegel ſtellte als Retter
264 1810 1312 1874 und Ritter die ihm eigne große Aufopferungsfähigkeit in ihren
266 1869 1309 1929 Dienſt. Trotz der wiederholten kühlen Ablehnung, die ſeine
264 1919 1308 1981 auch lyriſch ausgeſprochne Liebe in Göttingen ſowie bei einem
264 1975 1301 2048 Marburger Beſuch gefunden, eilte er, einer ſchönen Hollän⸗
751 230 922 281 Einleitung
